4600 5875
836 679 932 778 49⁶
1123 663 1227 752 nu
1292 615 1849 755 r'onmarrorun

837 901 1044 990 delentur,
1077 911 1124 983 vt
1158 895 1224 980 die
1257 893 1338 980 iam
1371 893 1531 980 circiter
1563 893 1676 979 sexto
1708 892 1784 975 uix
1816 884 1953 974 ullum
1987 881 2098 979 redi·

756 1035 766 1132 j
827 1034 956 1140 -gium
991 1024 1136 1112 harum
1172 1046 1312 1109 rerum
1346 1021 1528 1135 superfit.
1625 1019 1746 1107 Bulla
1780 1022 1948 1130 quidem
1993 1027 2101 1134 plane

723 1168 727 1178 '
838 1159 1142 1264 exstinguitur,
1192 1155 1254 1240 sed
1304 1157 1418 1238 fouee
1450 1153 1656 1259 cardiaco,
1706 1152 1842 1259 sutura
1875 1170 1919 1232 et
1950 1149 2103 1235 foutoia

838 1287 1006 1402 inferior
1038 1289 1152 1396 prius
1184 1282 1486 1367 confunduntur
1519 1285 1723 1366 inunum
1776 1276 1989 1362 orificium
2040 1305 2105 1364 roa

840 1421 1054 1520 turdum,
1088 1418 1131 1501 in
1165 1435 1246 1528 quo
1279 1406 1383 1494 nihil
1415 1410 1469 1497 de
1495 1411 1621 1492 soueis
1653 1409 1840 1492 illis'aut
1874 1413 2010 1494 sutura
2044 1410 2105 1494 di-

838 1547 1070 1653 stinguitur.
1165 1540 1426 1652 Tandemque
1471 1538 1576 1623 illud
1615 1535 1825 1624 orificium
1856 1538 1901 1622 in
1931 1537 2105 1622 canalem

838 1657 1043 1768 mutatur.
1126 1672 1364 1778 Priusquam
1398 1688 1535 1753 autem
1569 1663 1663 1749 haec'
1696 1667 1976 1772 contingunt,
2006 1693 2104 1751 non·

838 1801 975 1892 nullae
1005 1801 1107 1890 aliae
1142 1799 1387 1883 mutationes
1420 1798 1706 1904 intercedunt,
1735 1819 1852 1912 ¹quas
1890 1797 2104 1886 secundum

692 1988 695 1997 ι
760 1988 767 2006 ·
841 1935 1029 2022 ordinem
1062 1929 1303 2048 pertractare
1335 1947 1553 2040 oportet.
1662 1987 1667 1996 .

530 2111 537 2118 ⁶
628 2144 748 2229 Bulla,
772 2149 821 2222 ve
990 2125 1025 2230 s.
1066 2149 1168 2205 111.
1211 2123 1282 2208 Et
1311 2120 1419 2206 bulla
1451 2099 1652 2233 quidem,
1700 2146 1804 2234 quae
1837 2119 2031 2207 hadenus
2058 2119 2104 2205 ad

628 2246 736 2367 figura
761 2264 798 2322 et
843 2252 952 2338 diem
987 2252 1068 2339 111.
1097 2253 1326 2342 absolutum
1360 2275 1486 2360 usque
1538 2268 1651 2360 parte
1701 2271 1787 2337 tota
1836 2251 2105 2338 intracardiaca

629 2347 804 2438 mmmm
844 2380 1016 2490 oblonga
1048 2401 1089 2464 et
1117 2381 1248 2466 ereda
1279 2383 1355 2464 fuit
1376 2381 1567 2488 ,uagina
1600 2381 1744 2490 capitis
1774 2382 1857 2467 sola
1884 2381 2019 2466 uersos
2053 2383 2110 2464 ia·

628 2467 781 2626 ffigt‘fiif
847 2529 912 2594 tus
942 2513 1137 2596 dextrum
1173 2508 1356 2612 inflexar
1405 2532 1450 2599 ea
1483 2536 1591 2594 nunc
1638 2511 1703 2594 die
1723 2559 1729 2572 ι
1751 2528 1897 2623 quarto
1946 2512 2115 2593 ineunte·

394 2649 404 2658 “
532 2743 534 2746 ¹
628 2655 777 2760 ineunte.
846 2661 916 2724 aut
952 2641 1089 2726 medio
1120 2640 1264 2750 incipit
1293 2634 1511 2722 inuolucro
1543 2640 1690 2722 caudae
1723 2638 1804 2723 sine
1853 2641 2105 2724 extremitate

807 2824 815 2888 J
846 2767 1030 2854 inferiori
1077 2767 1204 2854 simili
1252 2768 1376 2852 modo
1414 2784 1455 2853 et
1486 2770 1592 2853 verti
1626 2768 1883 2856 dextrorsum
1914 2789 1957 2852 et
1989 2763 2105 2854 simul

786 2893 788 2900 ’
843 2900 1020 2984 curuati.
1085 2897 1197 2987 Hanc
1229 2896 1342 2982 enim
1378 2893 1474 2982 situs
1504 2900 1772 2987 mutationem
1804 2896 1983 3009 embryo
2015 2898 2106 2983 subit

842 3026 954 3114 intus
988 3047 1205 3113 contentus
1233 3020 1574 3141 inuolucrumque
1607 3031 1729 3113 suum
1759 3036 1893 3116 secum
1953 3030 2102 3117 ducem

730 3156 731 3160 '
845 3155 904 3243 Et
937 3155 1059 3241 simul
1090 3177 1211 3271 eaput
1241 3154 1474 3264 embryonis
1506 3183 1587 3243 vna
1619 3172 1716 3249 cum
1748 3162 1814 3245 sua
1845 3141 2000 3268 ‘vagina
2026 3182 2104 3241 ma·

842 3286 906 3392 gis
938 3310 1061 3397 quam
1099 3288 1180 3373 hnc
1213 3310 1340 3399 vsque
1371 3290 1521 3374 sadum
1569 3290 1624 3374 est
1669 3289 1876 3379 curratur.
1979 3287 2105 3375 Media

806 3520 809 3527 1
846 3438 947 3499 uero
981 3440 1069 3527 pars
1102 3442 1123 3499 a
1158 3416 1325 3523 regione
1354 3420 1531 3505 cardiaco
1563 3442 1690 3529 vsque
1720 3424 1770 3508 ad
1802 3421 2017 3531 regionem
2049 3439 2106 3503 ot·

845 3542 894 3629 sis
927 3548 1022 3630 sacri
1057 3550 1188 3635 ereda
1222 3544 1456 3635 adhucdum
1491 3565 1660 3635 tenetur.

633 3772 679 3845 Ε,
703 3791 807 3871 [³⁰³⁰
994 3740 1027 3843 d.
1069 3766 1171 3823 112.
1226 3739 1311 3827 Die
1361 3745 1523 3829 tandem
1563 3762 1708 3856 quarto
1738 3744 1998 3852 declinante,
2047 3711 2111 3829 aot

612 3862 772 3945 ‘die1v.
844 3868 991 3978 quinto
1023 3867 1188 3954 ineunte
1221 3868 1486 3959 haecomnia
1521 3897 1731 3983 augentur.
1797 3878 1992 3982 Embryo
2019 3874 2115 3957 adeo

526 4092 537 4108 Α
626 3984 799 4093 ‚vertente
845 3998 1107 4082 dextrorsum
1161 4002 1371 4108 vertitur,
1422 4021 1470 4087 rt
1519 4004 1600 4089 fere
1633 4005 1797 4116 prorius
1829 4009 1878 4089 in·
1908 4002 2111 4090 sruisirum

845 4124 952 4213 latus
1003 4126 1225 4218 decumbat.
1298 4129 1352 4216 Et
1383 4135 1509 4219 cauda
1534 4134 1582 4217 'et
1611 4154 1736 4247 caput
1768 4134 1982 4243 ualdopere
2011 4152 2117 4212 απ·

845 4273 939 4339 vata
969 4256 1073 4342 sunt.
1136 4258 1277 4373 ipsum
1311 4258 1478 4346 dorsum
1511 4283 1708 4350 curuatur
1739 4283 1782 4347 et
1815 4268 2118 4368 totusemhryo

847 4382 1091 4491 conuolutus
1121 4391 1188 4477 est.
1276 4388 1480 4475 Praeterea
1513 4389 1618 4476 bulla
1649 4394 1856 4500 angustior
1886 4390 1938 4475 est
1968 4406 2014 4473 et
2048 4414 2116 4473 ar·

844 4512 952 4603 stiur
981 4518 1249 4628 embryouem
1281 4519 1607 4635 compeditur,
1650 4523 1824 4637 indeque
1873 4519 1962 4608 eius
2011 4516 2116 4625 figu-

2024 4666 2116 4737 nm
