4600 5875
852 762 981 871 41⁶,
1087 708 1243 840 ‘na
1305 736 1868 838 ronunrronn

852 1004 1015 1095 quoque
1047 973 1241 1093 appellari
1275 975 1433 1090 potest,
1480 1000 1565 1090 quo
1596 973 1779 1088 respectu
1819 967 2003 1063 exterior
2047 978 2103 1069 in·

851 1112 991 1223 perior
1024 1108 1228 1195 nominari
1278 1107 1464 1214 debebit,
1514 1107 1653 1192 minus
1703 1105 1837 1191 tenuis
1886 1106 1978 1211 est,
2019 1108 2104 1196 dum

852 1240 1069 1347 mediocris
1096 1240 1256 1325 chartae
1288 1236 1503 1323 craffitiem
1534 1250 1677 1347 aequat
1708 1254 1751 1320 et
1782 1232 1923 1345 potius
1953 1235 2105 1351 superat
2215 1237 2216 1324 ἶ

780 1478 785 1486 ¹
853 1367 1028 1459 Mollior
1060 1370 1203 1457 eadem
1232 1368 1370 1453 existit
1402 1382 1445 1452 et
1476 1386 1602 1475 opaca
1632 1380 1675 1459 et
1706 1360 1809 1450 valis
1825 1380 1988 1474 ornata,
2018 1392 2105 1481 quae
2215 1381 2216 1440 ;

777 1489 783 1503 ’
854 1498 898 1583 in
931 1497 1056 1587 huius
1086 1496 1342 1586 membranae
1373 1493 1583 1580 substantia
1611 1492 1694 1607 ipsa
1731 1513 1958 1580 exarantur.
2038 1496 2106 1584 Vi·
2215 1495 2216 1550 ὲ

852 1626 999 1714 dentur
1047 1630 1214 1741 quidem
1264 1623 1361 1713 haec
1411 1626 1534 1731 vasa,
1596 1623 1699 1707 dum
1749 1648 1839 1736 per-
1868 1625 2105 1737 superiorem

854 1760 1017 1868 egregie
1050 1755 1284 1869 perlucent,
1332 1755 1516 1866 utrisque
1546 1748 1682 1863 potius
1716 1753 1965 1839 membranis
2003 1782 2104 1843 com·
2214 1827 2216 1836 Α

853 1894 997 1973 munia
1027 1883 1134 1994 effe,
1184 1900 1226 1966 et
1257 1882 1367 1995 quasa
1400 1884 1443 1965 in
1474 1877 1694 1987 cellulosa‚
1742 1906 1822 1993 qua
1866 1885 2102 1973 membranae

851 2017 1214 2118 eonnedterentur,
1247 2010 1477 2131 distribui,
1525 2014 1590 2096 uti
1639 2000 1728 2096 raia
1776 2010 1988 2099 mesaraica
2015 2018 2101 2100 inter

850 2142 946 2229 duas
980 2144 1207 2231 mesenterii
1239 2138 1410 2225 laminas
1440 2138 1767 2246 distribuuntur,
1810 2138 1871 2226 sed
1902 2142 2015 2231 facile
2041 2167 2103 2227 ex·

853 2278 1168 2389 perimentum,
1216 2294 1298 2381 quo
1348 2269 1529 2382 superior
1580 2271 1812 2357 membrana
1862 2271 1911 2360 ab
1941 2274 2102 2361 inferiori
2215 2293 2216 2378 ῖ

851 2402 1114 2512 detrahitur,
1161 2396 1304 2485 illaesis
1353 2420 1395 2485 et
1445 2398 1564 2486 nullo
1597 2387 1721 2486 modo
1752 2401 1924 2484 mutatis
1955 2428 2022 2489 nec
2052 2418 2102 2485 ta·
2215 2423 2216 2510 ᾗ

850 2532 926 2619 (tis
959 2530 1094 2637 nafis,
1126 2528 1371 2615 demonstrat
1401 2524 1475 2611 soli
1505 2530 1711 2619 interioris
1745 2532 1999 2618 membranae
2028 2530 2102 2616 sub
2215 2587 2216 2624 ,

851 2663 1014 2750 stantiae
1044 2684 1089 2745 ea
1120 2655 1272 2761 ineffe,
1299 2675 1342 2742 et
1369 2674 1541 2773 euentus
1572 2657 1952 2769 phaenomenorum
1976 2723 1989 2767 ,
2015 2663 2102 2773 buo,

851 2791 949 2905 quid
985 2785 1140 2899 fingula
1176 2788 1342 2903 proprie
1375 2782 1488 2904 iint,
1537 2792 1700 2874 tandem
1734 2788 1981 2877 obseruatori
2027 2816 2102 2875 ma·
2215 2881 2216 2894 Ν

849 2920 1088 3026 niiessatur,
1138 2916 1248 3006 idem
1303 2939 1464 3030 quoque
1517 2917 1645 3005 docet.
1742 2916 1851 3005 Haec
1885 2923 1974 3007 vasa
2007 2942 2103 3005 mere

848 3053 991 3138 venosa
1024 3048 1115 3134 sunt
1147 3047 1195 3132 ad
1227 3045 1338 3133 diem
1373 3048 1454 3130 fere
1486 3068 1682 3156 quartum
1714 3070 1878 3159 usque,
1915 3050 1983 3136 vbi
2029 3056 2103 3160 pri·

850 3205 970 3267 mum
1008 3177 1252 3263 arteriarum
1285 3174 1513 3261 distributio
1544 3178 1740 3264 obseruari
1773 3175 1881 3264 soler.
1961 3173 2102 3290 (Non-

849 3335 901 3394 ne
932 3327 1095 3414 autem,
1123 3303 1154 3388 ir
1184 3329 1237 3389 ex
1270 3308 1460 3391 sententia
1507 3305 1640 3415 perili.
1692 3303 1847 3394 Helleri
1901 3304 2103 3414 euolutio,

848 3460 951 3549 quae
982 3437 1194 3541 obtineat,
1242 3459 1353 3520 areae
1387 3431 1644 3542 vasculosae,
1693 3433 1884 3523 haetenus
1914 3434 2101 3530 conuolu-

847 3583 946 3672 tae,
998 3568 1045 3651 ab
1078 3561 1258 3675 impulsu
1289 3563 1488 3669 sanguinis
1521 3567 1744 3677 penderet,
1794 3555 1965 3653 acorde
2021 3591 2103 3676 pro·
2213 3622 2214 3625 κ

843 3695 974 3800 ίοᾶί,
1021 3695 1190 3780 arteriae
1222 3694 1358 3807 potius
1391 3711 1432 3775 et
1464 3696 1578 3806 prius
1610 3693 1942 3802 inconspectum
1975 3695 2101 3781 venire

844 3817 1101 3935 deberenti)
1149 3843 1192 3912 et
1248 3824 1487 3936 propagines
1517 3824 1682 3934 quidem
1716 3823 1895 3945 existunt
1928 3827 2106 3940 uasorum
2212 3812 2213 3827 '

844 3953 1193 4063 mesaraicorum,
1242 3956 1349 4038 vnde
1397 3977 1533 4038 aream
1568 3953 1670 4039 hanc
1702 3951 1947 4042 vasculoram
1982 3957 2104 4039 dicere
2211 4004 2213 4041 n

844 4080 1011 4187 malui,
1061 4107 1185 4195 quam
1219 4083 1382 4192 vulgari
1417 4083 1597 4170 termino
1630 4083 1923 4172 umbilicalem.
1972 4080 2106 4165 'Vasa
2211 4124 2212 4129 κ

842 4213 955 4294 enim
991 4207 1240 4336 umbiliealia
1274 4211 1412 4301 multo
1443 4213 1569 4297 sterius
1599 4215 1861 4301 oriunturet
1907 4233 2105 4322 nunquam

841 4339 1064 4450 quidquam
1095 4345 1143 4426 ad
1179 4339 1281 4428 hanc
1310 4367 1444 4431 aream
1478 4345 1702 4430 conferunt.
1768 4345 1880 4431 inter
1911 4340 1981 4426 has
2000 4361 2106 4426 areae

841 4453 1033 4584 utrasque
1066 4470 1315 4553 membranas
1346 4470 1517 4578 embryo
1549 4471 1778 4582 singulari,
1809 4497 1934 4588 quem
1968 4470 2109 4556 insub-

839 4598 1092 4710 sequentibus
1127 4598 1293 4708 dicam,
1326 4607 1454 4692 modo
1486 4604 1760 4716 intercipitur.

1973 4729 2003 4832 ς
2043 4744 2108 4829 17.
