4600 5875
869 664 966 753 μυ
1084 636 1191 733 ne
1252 592 1991 729 rrucrrrcrraru'

854 872 1118 983 referum,
1149 874 1262 973 (lunt
1290 860 1390 953 haer
1418 864 1661 963 uittadurr
1692 884 1812 980 atque
1842 862 2023 984 fragilia)
2049 867 2112 959 rlir

851 1002 1104 1097 ,debiliorem
1135 1004 1304 1111 gignere
1332 996 1651 1084 cleericuatem.
1713 999 1860 1088 Suasor
1891 1001 2024 1107 itaque
2038 1006 2111 1087 suu

853 1133 949 1242 iic,
981 1138 1054 1246 qui
1084 1134 1271 1243 generosa
1304 1128 1530 1213 construere
1562 1127 1738 1239 cupiunt
1768 1130 1995 1229 barometta
2025 1131 2111 1218 luci·

865 1264 951 1373 da,
983 1287 1033 1351 ut
1065 1265 1181 1349 tubos
1211 1260 1538 1362 barometricos,
1587 1281 1689 1370 quoe
1719 1258 1907 1345 adhibere
1954 1256 2110 1366 volunt,

865 1396 982 1507 prius
1009 1408 1197 1498 tentent,
1247 1410 1396 1500 eosque
1426 1388 1639 1499 praecipue
1670 1382 1857 1499 eligant,
1905 1380 1955 1471 iu'
1991 1390 2111 1501 quibu

863 1520 1002 1610 fridio
1032 1538 1078 1607 et
1106 1520 1219 1609 facile
1265 1537 1311 1603 et
1353 1517 1507 1602 fortem
1556 1518 1747 1631 producit
1794 1516 2111 1627 electriciutem,
2193 1531 2194 1580 ³

865 1673 1120 1763 caeterosque
1150 1649 1393 1735 baromerris
1424 1645 1550 1753 aliis,
1578 1674 1602 1733 a
1630 1648 1813 1760 quibus,
1863 1667 1913 1734 ut
1944 1644 2109 1758 luderet,
2193 1635 2194 1644 ‘

866 1794 954 1869 uun
981 1781 1244 1898 requiritur,
1269 1774 1531 1865 conficiendis
1559 1776 1729 1863 seruent.
1792 1850 1796 1855 ,

1020 1976 1053 2078 §.
1089 1997 1162 2056 11.
1193 1969 1269 2057 Per
1299 1969 1479 2083 superius
1509 1966 1724 2080 expofita,
1775 1970 1868 2055 iure
1912 1969 2108 2084 supponere

866 2101 1036 2217 quidem
1068 2098 1315 2215 possumus,
1358 2098 1579 2206 frictione,
1624 2124 1751 2210 quam
1785 2098 1981 2185 columna
2022 2125 2107 2185 mer·

787 2268 795 2293 i
867 2230 1031 2321 curialis
1081 2230 1314 2318 descendens
1360 2248 1555 2341 exercet,
1603 2225 1914 2317 eledlricitatem
1967 2248 2044 2313 tam
2075 2234 2106 2315 in
2193 2233 2194 2320 l

867 2364 998 2468 mbo,
1031 2384 1159 2471 quam
1192 2359 1235 2441 in
1271 2358 1512 2465 mercurio,
1545 2358 1746 2471 produci,
1783 2360 1840 2445 ast
1870 2360 2108 2445 determinari

851 2490 966 2583 'cum
999 2488 1243 2576 certitudine
1285 2483 1473 2573 haetenus
1522 2497 1613 2571 non'
1654 2487 1816 2602 potest,
1864 2491 1908 2572 iu
1957 2512 2107 2602 quonam
2192 2521 2194 2581 l

867 2624 1039 2710 istorum
1071 2638 1297 2728 corporum
1329 2614 1637 2720 accumulatio,
1669 2620 1713 2703 iu
1743 2641 1923 2728 quonam
1959 2621 2108 2730 priuatia
2193 2615 2194 2706 l

866 2750 986 2838 fluidi
1018 2746 1198 2834 eledlrici
1228 2744 1451 2853 contingat.
1548 2742 1638 2831 Etr
1670 2746 1821 2853 euim,
1854 2765 1904 2857 rt
1933 2747 2033 2833 iulrr
2056 2752 2108 2852 de·

856 2876 1132 2982 monstrabo,
1183 2873 1306 2957 tubus
1337 2871 1675 2985 eledricitatem,
1723 2902 1848 2988 quam
1876 2877 1929 2965 dtr
1960 2873 2038 2985 ray
2059 2882 2108 2967 ri·
2193 2885 2194 2963 ἴ

866 3029 1035 3112 tream,
1067 3003 1322 3094 Francklr'nur
1356 3002 1575 3116 politiuam
1607 3001 1819 3119 appellat,
1857 3011 2108 3114 nanciscatur,
2193 3092 2194 3107 ,

850 3132 996 3228 ‘ue'mo
1028 3141 1201 3244 tamen,
1248 3131 1324 3218 nisr
1358 3129 1650 3248 hypothefibus
1682 3132 1881 3246 fingendis
1923 3142 2109 3244 adsuetus,
2193 3134 2194 3229 ἒ

864 3293 963 3355 cum
995 3263 1238 3354 certitudine
1270 3263 1477 3351 affirmare
1509 3264 1700 3352 haetenus
1733 3269 1899 3377 potest,
1942 3295 2109 3354 accumu·
2193 3360 2194 3373 Ν

656 3385 668 3408 ’
715 3383 718 3389 ’
865 3391 947 3486 lari
981 3393 1150 3510 proinde
1179 3397 1222 3480 in
1254 3395 1355 3480 tubo
1384 3399 1601 3492 materiam
1622 3389 1867 3484 eledlritam.
1933 3394 2111 3516 Quicquid

851 3529 1015 3636 'autem'
1040 3523 1165 3614 huius
1194 3521 1254 3606 rei
1289 3521 1372 3627 fit,
1404 3523 1636 3639 supponere·
1657 3545 1829 3634 tamen,
1883 3531 1994 3640 quast
2026 3523 2110 3644 posi·
2193 3526 2194 3596 ἐ

852 3657 954 3772 ,ῑίιια
976 3651 1054 3746 'aui
1086 3657 1217 3742 vitrea
1247 3647 1485 3776 electricitas
1511 3681 1557 3739 ca
1590 3654 1673 3765 fit,
1703 3670 1806 3767 quae
1838 3655 1894 3739 in·
1912 3678 2112 3771 augmento

850 3781 1073 3893 ¹coulilli't,
1103 3787 1247 3899 placet.
1312 3777 1512 3898 Quamuis
1543 3785 1690 3892 enim,
1736 3790 1839 3873 dum
1874 3783 1954 3880 hor
1985 3795 2116 3902 suppo·

849 3907 953 4026 uo,
986 3913 1034 4001 ab
1061 3937 1200 4000 errore
1231 3934 1300 3996 me
1328 3914 1512 4003 securum
1546 3926 1626 4001 don
1660 3915 1926 4025 existimem,
1964 3938 2114 4023 umen,

863 4041 896 4136 st
926 4046 1138 4156 contingat
1166 4039 1410 4155 aliquando,
1442 4066 1493 4132 ut
1523 4041 1652 4132 asserti
1682 4037 1806 4131 huius
1834 4045 2117 4138 fallitasomni·

862 4199 920 4263 no
948 4171 1280 4279 demonstretur,
1327 4172 1523 4261 facillime
1554 4181 1646 4261 ntea
1676 4173 1906 4290 explicandi
1953 4177 2116 4295 phaeno-

846 4297 984 4392 Tmena
1018 4307 1159 4407 ratio,
1191 4301 1434 4390 inuertendo
1462 4301 1726 4392 solummodo
1758 4310 2003 4415 ratiocinia,
2036 4308 2117 4421 qui·

849 4429 936 4526 'bur
968 4433 1059 4525 usus
1090 4433 1215 4544 sum,
1247 4433 1297 4519 ad
1328 4439 1465 4525 calum
1501 4435 1626 4525 istum
1653 4437 1835 4554 adaptari
1868 4441 2033 4558 poterit.

1993 4633 2117 4738 §cra
