4600 5875
460 608 1247 777 nnovnnur'nrs.
1420 683 1479 764 29

223 878 547 992 simplicissima,
575 884 740 969 euidens
769 885 850 990 est,
879 884 982 968 hanc
1015 886 1260 975 methodum
1295 911 1381 974 non
1407 883 1483 968 elle

224 1029 359 1120 aptam
392 1011 440 1094 ad
471 1035 613 1097 curuas
644 1011 880 1118 algebraicas
911 1013 1178 1122 simpliciores
1220 1017 1482 1117 exhibendam

223 1158 341 1247 atque
374 1137 673 1224 multominus
704 1147 752 1226 ad
785 1143 895 1230 hunc
929 1143 1093 1250 scopum
1137 1146 1369 1250 pertingere
1410 1167 1484 1250 po-

226 1269 431 1371 terimus,
477 1265 509 1351 sr
558 1268 732 1376 angulus
781 1297 808 1352 α
856 1273 979 1356 fuerit
1012 1272 1147 1352 minor
1184 1293 1272 1379 pars
1303 1270 1486 1377 aliquota

106 1410 107 1415 '
224 1399 351 1480 totius
386 1393 642 1506 peripheriae
677 1422 759 1484 ant.
823 1401 946 1487 Ratio
977 1397 1101 1480 buius
1132 1398 1304 1482 defectus
1340 1399 1383 1476 in
1407 1393 1487 1483 hoc

223 1526 278 1609 est
309 1523 419 1627 fita,
467 1527 577 1636 quod
608 1528 710 1610 dum
743 1552 821 1636 pro
852 1527 890 1608 V
926 1529 1179 1612 functionem
1222 1523 1488 1632 algebraicam
1587 1623 1592 1634 Ι

221 1655 501 1763 quantitatum
535 1647 694 1762 bned)
722 1674 764 1736 et
795 1647 957 1762 cosnd)
990 1656 1260 1758 assumimus,
1298 1649 1395 1734 aliar
1432 1650 1488 1734 li·

220 1805 316 1866 neas
337 1805 493 1883 ,curuas
524 1803 606 1866 non
638 1783 926 1892 inueniamus,
977 1783 1050 1866 nist
1079 1807 1257 1893 quarum
1288 1777 1505 1863 reclificn-'

223 1911 291 1993 tio
324 1900 360 1992 a¹
380 1911 621 2020 quadratura
653 1909 798 1995 circuli
833 1916 1030 2023 pendeam
1067 1936 1166 1996 cum
1198 1912 1312 1994 enim
1347 1907 1490 1992 habea·

220 2075 328 2174 mus
358 2019 651 2172 szffff-kV,
692 2051 860 2163 quilibet
900 2078 1013 2135 arcus
1062 2051 1214 2136 harum
1262 2073 1490 2136 cumarum

221 2193 307 2276 erit
337 2208 606 2299 aggregatum
638 2216 690 2275 ex
722 2216 816 2279 arou
849 2193 1035 2279 circulari
1069 2159 1122 2306 ἕο
1151 2210 1193 2276 tt
1225 2191 1329 2276 linea
1387 2192 1492 2276 recta

104 2376 105 2380 κ
225 2320 270 2404 V
304 2318 524 2426 algebraice
552 2320 780 2426 affignabili.
865 2323 1003 2436 Quare
1031 2344 1085 2429 ut
1116 2337 1265 2404 curuae
1295 2315 1494 2425 algebrai·

225 2470 296 2532 cae
344 2447 614 2558 simpliciores
658 2448 751 2532 inde
799 2446 891 2532 elici
927 2449 1113 2561 pollent,
1154 2473 1230 2556 pro
1263 2445 1302 2530 V
1337 2448 1494 2530 stendio

104 2647 111 2669 a.
224 2578 499 2670 transcendens
527 2575 657 2687 aocipi
704 2575 891 2682 deberet,
938 2600 1040 2688 qnae
1098 2593 1235 2659 tamen
1284 2574 1341 2655 ita
1394 2571 1492 2659 esset

223 2723 494 2818 comparata,
541 2726 590 2792 ut
635 2707 838 2788 formulae
867 2695 1075 2812 Mad>
1105 2722 1148 2791 ct
1179 2692 1391 2826 chostp
1424 2702 1494 2785 in·

227 2836 510 2943 tegrationem
541 2834 830 2919 admitterent:
878 2837 1042 2916 Verum
1072 2829 1139 2914 his
1188 2829 1336 2918 casibus
1381 2829 1516 2924 iudi·¹

103 3027 104 3030 a
226 2966 387 3065 cium,
421 2982 567 3047 utrum
599 2962 755 3045 functio
786 2961 827 3043 V
859 2961 988 3046 debita
1021 2962 1188 3067 gaudeat
1228 2957 1470 3068 proprietate
1481 3018 1498 3063 ,-

103 3145 104 3150 κ
230 3090 445 3179 difficilius
476 3092 641 3173 videtur
672 3112 796 3196 quam
831 3107 879 3170 ut
910 3089 948 3169 ei
979 3090 1022 3169 in
1052 3084 1211 3169 calculo
1236 3085 1358 3169 fidere
1374 3110 1498 3199 quea·
1642 3210 1647 3219 =

234 3245 344 3311 mus.
408 3216 518 3303 Hinc
549 3242 601 3303 eo
631 3216 813 3323 magite
845 3216 1002 3300 rectit
1033 3231 1082 3297 rt
1116 3212 1297 3296 tradatur

243 3502 448 3596 Methodus
476 3507 602 3618 magis
634 3502 764 3590 idonea
793 3526 933 3589 curuos
965 3498 1208 3614 algebraicos
1241 3496 1329 3589 hate
1380 3520 1498 3608 quae·

512 3636 632 3745 stimi
659 3632 966 3747 ,miiarsmimtes'
984 3629 1208 3718 inueniendi.
1281 3750 1286 3757 “
1582 3650 1585 3657 ’

399 3873 467 3949 18.
500 3858 647 3947 Talem
678 3879 818 3947 autem
853 3859 1099 3947 methodum
1130 3858 1394 3953 consideratio
1445 3866 1501 3951 fi-

238 3985 496 4076 militudinis
526 4016 696 4077 arcuum
728 3992 827 4079 ΑΜ
872 4009 916 4073 et
966 3988 1054 4076 FN
1101 3984 1290 4095 largitur.
1386 3991 1499 4079 Cum

240 4120 355 4207 eni-m
390 4139 533 4205 natura
568 4120 827 4233 problematis
861 4118 964 4202 hanc
993 4114 1306 4205 similitudinem
1356 4120 1504 4207 inuol-

241 4271 346 4355 ναῖς
395 4253 523 4335 etiam
555 4250 728 4336 titiffim
757 4248 998 4336 concludere
1027 4245 1124 4330 licet
1156 4272 1297 4332 omnes
1327 4274 1504 4359 curuis,

245 4374 467 4488 inquibus
497 4379 846 4465 haecfimilitudo
879 4378 1019 4463 locum
1052 4376 1215 4482 habeat,
1247 4377 1370 4463 simul
1406 4406 1506 4490 pro-

247 4503 412 4595 blemati
443 4511 670 4599 ademere.
756 4504 949 4617 Namque
980 4504 1012 4589 fi
1044 4528 1159 4597 arcus
1189 4506 1331 4595 ΑΜΕ
1365 4506 1506 4591 habeat

813 4632 919 4738 Da
1350 4632 1507 4751 ampli·
