4600 5875
697 607 1121 739 affirmare
1469 643 1536 733 ar

253 866 443 961 etquae
475 845 525 932 ad
565 870 630 932 err
679 841 915 964 pertinent,
962 845 1228 961 explicationi
1276 853 1529 960 formationis

264 974 552 1066 intestinorum
585 983 884 1091 praemittatur.
966 979 1179 1090 Postquam
1211 982 1350 1086 igitur.
1372 985 1421 1070 de
1439 985 1533 1096 dis·
1635 1067 1637 1075 .

259 1109 432 1195 ferentia
465 1107 570 1191 inter
601 1109 891 1197 formationem
930 1107 1144 1220 partium,
1192 1129 1294 1220 quae
1340 1111 1531 1198 animali·
1625 1151 1626 1154 Ν

246 1235 352 1334 ωε,
370 1260 468 1352 prae
499 1234 653 1348 plantis.
677 1238 869 1353 propriae
898 1235 1025 1342 sunt,
1056 1235 1189 1324 ueluti
1223 1235 1405 1324 intestina
1423 1238 1530 1348 sunt,
1586 1224 1589 1284 ⁴

164 1429 169 1437 .
248 1383 318 1448 et·
336 1357 483 1454 earum
517 1369 701 1476 partium
728 1364 1049 1470 formationem,
1081 1391 1181 1479 quae
1212 1367 1396 1478 utrisque
1412 1393 1531 1455 com·

256 1517 409 1582 muner
457 1497 550 1578 sunt
570 1549 589 1600 ,·
633 1498 830 1585 nonnulla
860 1493 1085 1602 generatim
1117 1495 1315 1609 praefatus
1346 1495 1401 1604 est
1434 1497 1531 1584 Au·

185 1665 192 1678 ·
238 1621 383 1730 dior,
416 1647 552 1730 aream
587 1625 865 1731 vasculosaru,
906 1626 1118 1735 imprimis
1147 1626 1236 1730 eius
1266 1623 1530 1728 construetio-

235 1773 356 1836 ÷nem
386 1774 429 1839 et
461 1739 785 1840 distributionem
805 1751 1009 1844 :vasorum
1044 1752 1087 1836 in
1116 1777 1161 1838 et
1195 1751 1412 1842 describere
1461 1754 1528 1836 in·

236 1880 377 1990 eipit.
437 1878 548 1979 Inde
568 1883 746 1968 areolam
779 1878 1060 1992 pellucidam,
1091 1905 1191 1993 quae
1224 1883 1397 1968 interior
1413 1903 1527 1992 areae

99 2084 100 2087 γ
246 2005 483 2094 vasculosae
514 2032 606 2118 pars
633 2013 713 2114 est,
743 2015 845 2104 eiua·
860 2007 1158 2118 phaenomena,
1188 2009 1395 2120 figuram,
1429 2034 1527 2122 mu·

237 2137 435 2222 rationes
453 2193 474 2243 ,·
512 2161 737 2250 ueramque
784 2135 1118 2225 constructionem
1158 2156 1200 2222 et
1237 2143 1357 2224 usum
1388 2138 1526 2246 expli·-

242 2283 331 2348 rat.
430 2263 621 2374 Denique
669 2267 860 2362 amnium
893 2265 1079 2374 spurium
1112 2268 1286 2376 exponit
1313 2267 1524 2370 secundum

245 2389 471 2498 figuram,
504 2396 634 2478 uarias
654 2446 675 2499 ,
699 2392 845 2506 quibus
874 2393 1173 2503 componitur,
1204 2410 1336 2506 partes
1368 2411 1410 2477 et
1427 2417 1526 2480 con·
1550 2505 1552 2510 Ι

99 2610 100 2613 r
159 2563 188 2608 .’
245 2519 528 2608 strustionem.
575 2601 580 2610 ,
672 2574 678 2590 ·
1420 2605 1424 2620 ,
1511 2619 1514 2627 ἢ

99 2626 106 2650 '
407 2649 515 2737 Haec
548 2647 797 2738 constituunt
828 2665 987 2761 partem
1037 2647 1219 2738 theoriae
1266 2649 1523 2737 formationis

242 2781 540 2865 intestinorum
572 2779 761 2885 primam.
845 2779 896 2862 lu
925 2795 1037 2886 parte
1071 2779 1239 2864 secunda
1269 2779 1317 2863 ad
1347 2779 1523 2864 interio-

99 2920 100 2968 ³
238 2905 438 2994 resilias
467 2903 597 2990 amnii
631 2906 769 3013 spurii·
787 2922 923 3014 partes¹
951 2905 1125 3014 transit,
1157 2929 1257 3017 quae
1290 2907 1396 2990 intra
1427 2932 1521 2993 em·

237 3038 447 3143 bryonem
479 3033 792 3143 producuntur,
822 3047 883 3131 ‚et
916 3035 1140 3141 quae'ipsa
1170 3036 1255 3117 iam
1313 3034 1556 3127 intestino·‘

238 3188 342 3261 rum
392 3159 618 3269 primordia
671 3162 775 3246 sunt.
873 3155 925 3241 In
973 3159 1138 3263 regione
1188 3160 1521 3285 amniiqspurii,

242 3314 348 3405 quae
381 3289 542 3397 regioni
572 3286 806 3397 embryonis
856 3286 1060 3389 cardiacae
1102 3276 1348 3396 respondet,
1403 3291 1520 3376 fouea
1601 3284 1608 3289 ’

243 3422 331 3524 eil,
375 3420 496 3503 ualde
525 3418 691 3528 exigua,
719 3444 743 3500 a
777 3415 1029 3516 membranae
1061 3416 1191 3498 amnii
1225 3414 1351 3524 sputi-i
1386 3436 1516 3527 parte,

242 3551 352 3633 intra
386 3520 656 3652 emlrryonem
692 3542 921 3657 producta,
969 3543 1153 3627 formata.
1253 3545 1444 3645 Foueola¹
1461 3548 1516 3631 est

233 3672 456 3778 ¹orificium
489 3672 729 3783 speluncae,
771 3694 873 3786 quae
906 3671 1066 3756 sursum
1099 3672 1143 3753 in
1177 3670 1398 3776 embryone
1417 3698 1515 3757 con·
1552 3748 1554 3753 .

243 3808 443 3895 tinuatur.
538 3804 645 3887 Haec
679 3778 1199 3913 “speluncamicroscopica
1232 3800 1514 3906 ventriculum
1568 3878 1570 3883 .

242 3937 406 4035 refert,
450 3932 578 4038 adeo,
611 3952 661 4018 vt
692 3934 781 4015 eius
812 3924 964 4014 cauitas
994 3924 1215 4011 uentriculi
1249 3925 1298 4010 fit
1330 3932 1516 4036 canitae,

233 4061 502 4163 membranae
520 4084 644 4171 pars,
672 4084 750 4169 qua
784 4056 971 4168 spelunca
996 4060 1229 4161 formatur,
1262 4055 1346 4163 ipsa
1378 4082 1514 4144 mem·

232 4192 373 4277 ¹brana
395 4188 615 4289 uentriculi
649 4186 731 4294 fit,
775 4204 818 4271 et
853 4182 1106 4273 ¹uentriculus
1136 4185 1267 4289 igitur
1299 4183 1370 4267 sub
1425 4188 1515 4298 prir

245 4344 318 4405 mo
351 4316 431 4421 hoc
460 4318 534 4402 -suo
565 4318 684 4402 initio
715 4316 892 4421 anterius
926 4334 1087 4426 apertus
1116 4313 1265 4397 existat
1366 4318 1420 4405 Α,
1447 4316 1513 4399 fo·

238 4446 424 4551 aea-illa
456 4437 635 4537 cardiaco
680 4445 869 4551 deorsum
915 4444 1023 4528 rima
1069 4444 1332 4541 continuatur
1352 4503 1377 4548 ,U
1416 4458 1508 4527 ante
1626 4432 1630 4439 ’

719 4642 722 4648 ,
837 4574 913 4671 sa
1073 4648 1076 4652 .
1354 4571 1510 4680 spinam
