4600 5875
813 723 902 815 ιιι
955 800 958 807 ,
1005 700 1136 799 oe
1199 693 1469 847 vrrao-
1521 680 1860 803 roosrrr
1997 742 2001 747 <

810 935 975 1023 traditam
1007 932 1150 1047 mattiae
1182 930 1337 1019 minoris
1367 924 1571 1036 aequantia
1610 938 1651 1007 et
1701 918 1918 1033 nonaginta·
1954 921 2072 1015 abtas-

804 1060 1011 1179 peadantia
1041 1066 1290 1180 reperiantur.
1386 1054 1683 1143 Celeberrimos
1715 1050 1849 1139 Dnius
1880 1052 2071 1164 Crotyiedt

811 1197 854 1279 io
888 1186 1175 1300 ¹Mineralogia
1207 1218 1249 1304 p.
1289 1196 1394 1275 261.
1432 1186 1543 1273 Edit.
1580 1182 1725 1271 Germ.
1759 1180 1871 1267 hunc
1904 1183 2071 1298 lapidem

654 1324 656 1331 ’
811 1348 975 1435 quoque
1007 1322 1050 1405 in
1083 1319 1209 1407 insula
1239 1312 1678 1427 Ascenfiooisreperiti
1696 1311 1900 1438 perhibet.
1932 1314 2069 1401 Adre-

813 1452 945 1563 iiquos
996 1448 1287 1568 Mioetrlogos'
1317 1445 1428 1557 quod
1471 1448 1651 1555 attioet,
1695 1460 1785 1527 tam
1834 1445 2069 1556 antiquiores

816 1598 955 1693 qaam¹
976 1580 1249 1684 recentiores,
1282 1574 1434 1659 'nullus
1466 1571 1591 1657 huius
1630 1574 1775 1681 lapidis
1823 1579 2072 1678 mentionem·

811 1712 939 1817 fecit,
988 1708 1020 1795 fi
1057 1708 1204 1794 solum
1254 1688 1498 1792 Henckeliato
1549 1706 1593 1788 io
1638 1700 1775 1787 rrae.
1806 1702 1856 1787 de
1887 1700 2066 1793 Geoerat

815 1840 955 1950 Lapid.
1004 1840 1035 1941 §.
1091 1862 1191 1939 104.
1242 1832 1429 1947 Vogetum
1482 1836 1526 1918 in
1575 1826 1842 1941 minoalogia
1883 1860 1922 1945 p.
1969 1860 2063 1939 raa,

806 1967 1023 2055 'Patrium
1012 1992 1056 2051 ιιι
1088 1963 1358 2071 Lithogeogo.
1389 1962 1440 2048 Ρ.
1463 1960 1499 2064 L
1535 1986 1570 2072 p
1606 1983 1686 2065 45
1716 1981 1760 2046 et
1803 1956 1984 2055 Plinium
2006 1966 2071 2056 suh

817 2097 942 2183 titulo
974 2094 1117 2207 lapidis
1146 2091 1373 2201 obsidioni,
1420 2109 1468 2223 ιι
1502 2088 1609 2176 mihi
1662 2089 1832 2204 quidem
1885 2094 2064 2205 videtur,

812 2251 897 2313 exo
903 2248 1008 2336 pros..
1140 2287 1144 2293 .

832 2448 835 2455 ⁴
963 2412 995 2513 §.
1033 2434 1075 2510 4.
1125 2408 1238 2527 Corn
1285 2411 1413 2516 igitur
1465 2434 1615 2518 parom
1670 2410 1735 2495 rie'
1767 2426 1912 2495 natura
1956 2406 2065 2497 huius

813 2540 949 2625 foffilis
983 2540 1087 2624 inter
1120 2535 1307 2647 Phyficos
1337 2538 1519 2643 constet,
1561 2563 1707 2651 operae
1738 2542 1922 2646 pretium
1951 2541 2064 2647 duxi,

820 2664 1012 2751 nonnulla
1044 2670 1327 2777 experimento
1371 2690 1475 2749 comt
1519 2687 1571 2752 eo
1617 2668 1857 2773 instituere,
1905 2687 1982 2776 vt,
2026 2670 2069 2756 to

817 2800 938 2905 quam
972 2794 1239 2882 Mineralium
1273 2798 1434 2882 claiset'r'r
1474 2799 1643 2907 proprie
1690 2793 1919 2908 pertineat,
1966 2817 2066 2909 pate·

816 2920 947 3009 fieret.
1049 2924 1115 3010 Eo
1162 2924 1244 3011 fioe
1293 2928 1483 3039 primurn
1515 2925 1700 3036 metflroa
1717 2925 1857 3035 fluida·
1883 2928 1926 3010 io
1957 2927 2065 3014 iobii·

815 3054 932 3138 diom
964 3055 1146 3159 vocaui,
1195 3074 1236 3138 et
1269 3077 1318 3141 vt
1350 3054 1447 3155 hooc
1498 3054 1779 3164 experimenta
1825 3079 1876 3138 eo
1926 3060 2078 3142 tutiora*

815 3184 1064 3289 eraderent,
1096 3184 1304 3292 puriffima
1334 3188 1456 3271 srosto
1488 3183 1781 3295 lapidisselegi
1843 3189 2065 3297 Ameqoam

817 3333 920 3398 vero
952 3311 1033 3422 ipsa
1065 3314 1199 3424 expeti
1193 3323 1340 3400 menta
1373 3339 1647 3421 enutrieram,
1680 3305 1862 3420 moneo,
1901 3314 2072 3426 lapidera

816 3441 1004 3524 nostrum
1034 3465 1105 3552 per
1140 3441 1449 3531 cairioatiooem
1481 3444 1619 3527 lenem
1648 3443 1768 3530 oulio
1805 3445 1933 3528 modo
1981 3471 2074 3528 mo-

814 3571 894 3653 tari
925 3595 995 3655 nec
1030 3571 1133 3658 vlios
1163 3557 1376 3657 extrudere
1405 3572 1609 3684 vapores,
1659 3586 1702 3658 et
1734 3575 1828 3657 ideo
1872 3571 1982 3656 nihil
2027 3577 2077 3662 de

816 3699 992 3809 pondere
1024 3703 1093 3783 suo
1124 3705 1344 3809 omittere,
1378 3729 1450 3815 per
1482 3705 1706 3786 fort-iorem-
1729 3727 1863 3808 vero,
1894 3705 1941 3786 io
1968 3701 2069 3788 fluo

815 3850 907 3910 rem
954 3829 1091 3932 abire,
1139 3850 1181 3914 et
1225 3849 1441 3939 propterea
1488 3833 1629 3916 omnia
1669 3834 1963 3942 experimenta.
1980 3857 2079 3918 cort-

814 3959 942 4043 ctudo
975 3959 1186 4066 instituto,
1215 3959 1526 4046 morticinorum
1561 3983 1720 4074 quoque
1752 3964 1959 4074 qatdrate.

967 4146 997 4246 §.
1035 4167 1073 4246 5.
1108 4147 1232 4236 Aat'do
1262 4132 1601 4258 comentratiffiraa
1632 4154 1779 4258 vitorialt'
1817 4154 1948 4259 nitri,
1986 4147 2069 4255 fais

813 4275 1044 4378 carmem,
1092 4303 1172 4362 noo
1206 4283 1342 4364 minuo
1373 4307 1495 4392 quam
1528 4282 1734 4388 dilatiara,
1783 4281 1941 4366 nuliam
1988 4279 2071 4364 tim

816 4399 860 4484 io
893 4398 997 4492 hooc
1031 4429 1147 4490 exere
1149 4425 1220 4490 cot
1251 4407 1462 4520 lapidem,
1492 4431 1538 4496 et
1569 4435 1619 4491 ne
1652 4411 1694 4494 in
1723 4412 1967 4516 calcinatum
1985 4411 2073 4519 qui·

812 4530 940 4638 doto,
988 4535 1098 4648 qood
1146 4537 1458 4694 phaenomeooo
1489 4537 1748 4647 (iugularem
1767 4540 1853 4626 eius
1886 4559 2075 4623 naturam

1904 4669 2072 4753 demon·
