4600 5875
965 497 970 534 i

816 706 908 786 114
1109 609 1212 766 nra
1275 665 1767 818 nvuartoun

665 947 670 952 ·
811 915 915 1000 dum
949 930 973 990 a
983 925 1004 1007 5
1040 929 1244 994 annorum
1265 938 1300 1007 ‚·
1320 900 1373 986 iic
1403 917 1453 984 vt
1481 896 1627 984 calculi
1658 898 1782 984 nostri
1817 898 1910 1012 ipsrs
1941 899 2075 984 obser·

811 1032 1042 1126 rationibus
1074 1059 1156 1117 non
1189 1031 1297 1119 male
1326 1032 1580 1120 conueniant.
1680 1023 1808 1112 Nunc
1841 1053 1942 1112 uero
1991 1048 2074 1113 non
2213 1050 2214 1123 3

812 1143 928 1252 vacat
959 1163 1036 1246 alia
1068 1162 1174 1272 apud
1204 1160 1380 1246 diuersos
1411 1158 1590 1257 Antores
1623 1155 1830 1263 inquirere
1860 1154 2074 1264 exemplam

705 1373 708 1378 .
812 1295 856 1383 Si
882 1293 962 1408 ‘qui
996 1290 1067 1374 alii
1100 1285 1203 1376 illud
1234 1286 1387 1393 negotii
1421 1287 1464 1368 in
1497 1285 1535 1368 se
1562 1283 1757 1391 suscipere
1797 1281 1963 1387 uelint,
2010 1284 2075 1366 his
2205 1260 2214 1337 l

803 1421 925 1508 iacile
955 1419 1035 1503 erit
1067 1419 1189 1501 suurn
1219 1417 1398 1502 formare
1429 1413 1667 1513 iudicium,
1717 1413 1843 1494 modo
1874 1413 2076 1495 memine-

812 1552 907 1634 rint·
946 1541 1145 1632 diuersam
1194 1539 1414 1656 paululum
1462 1539 1538 1623 esse
1568 1541 1610 1623 in
1644 1535 1813 1621 diuersis
1842 1540 2077 1644 regionibus

812 1677 1108 1762 mortalitatem
1138 1692 1260 1782 atque
1291 1694 1367 1782 pro
1400 1665 1663 1753 mortalitatis·
1691 1668 1819 1773 gradu
1861 1670 2077 1762 increscere

774 1825 885 1928 'aut
913 1800 1089 1892 diminui
1121 1801 1486 1888 matrimoniorum
1518 1795 1789 1881 durationem.
1953 1791 1957 1797 ’

755 1961 792 2016 ,ἢ
1705 1963 1714 1991 ,

962 2057 997 2168 ς.
1035 2082 1107 2164 1s·
1138 2053 1262 2176 Quod
1294 2045 1326 2143 ri
1358 2075 1470 2156 nunc,
1499 2075 1625 2169 porro
1654 2048 1921 2141 defideremus
1961 2053 2075 2144 sum·
2207 2162 2211 2179 Ι

812 2213 925 2278 mam
958 2183 1327 2304 matrimoniorum
1374 2188 1431 2296 in·
1467 2185 1661 2291 ciuitate,
1711 2200 1815 2295 quae
1861 2191 2076 2270 annuatim
2206 2184 2213 2220 ¹

816 2339 906 2419 500
943 2309 1219 2529 matrimopip
1239 2338 1344 2402 noua
1361 2314 1570 2426 praebet,
1601 2311 1914 2420 insistentium,
1946 2309 2078 2398 fimul

810 2465 952 2534 autem
1002 2447 1134 2560 suppo
1171 2447 1254 2528 ¹ur
1304 2464 1395 2546 non.
1436 2441 1515 2525 alia
1563 2440 1755 2528 celebrari
1794 2443 2076 2548 matrimonia,

756 2637 761 2648 .
812 2599 940 2685 quarn
975 2575 1082 2660 inter
1116 2560 1296 2686 personas
1336 2595 1393 2652 ao
1410 2587 1552 2658 ,annos
1582 2589 1726 2673 natas,
1761 2589 1843 2655 non
1875 2563 1987 2654 aliud
2016 2567 2078 2654 lit·

812 2703 1005 2787 ciendum
1039 2694 1143 2808 est,
1188 2715 1314 2812 quam
1362 2714 1413 2783 rt
1453 2695 1782 2810 multiplicemus
1814 2697 2076 2783 durationem
2150 2790 2156 2800 ,
2207 2686 2212 2699 '

814 2831 993 2916 mediam
1041 2845 1249 2916 nouorum
1302 2825 1670 2911 matrimoniorum
1722 2849 1956 2911 annuorum
2004 2849 2077 2941 per

811 2983 1037 3047 numerum
1070 2957 1226 3064 horum
1259 2956 1661 3063 matrimoniorum,
1693 2955 1735 3040 id
1766 2958 1855 3065 eil,
1889 2957 1969 3059 23}
2004 2980 2079 3069 per

773 3075 933 3205 33003
964 3072 1218 3201 produitum
1256 3104 1407 3184 1¹917
1442 3084 1548 3169 dabit
1578 3082 1783 3169 summam
1824 3084 2077 3197 quaesitam:
2210 3155 2211 3164 ,

809 3212 908 3303 haec
937 3218 1018 3297 erit
1049 3215 1210 3298 summa
1239 3210 1433 3302 omnium
1466 3214 1830 3313 matrimoniorum
1870 3210 2081 3298 subsilien·
2208 3304 2210 3317 ¹

810 3345 950 3428 tium:
994 3344 1158 3425 summa
1207 3352 1348 3422 autern
1387 3339 1582 3423 omniurn
1617 3341 1878 3450 personarum
1904 3344 2074 3445 *nedem
2178 3379 2210 3438 ·;

810 3463 1106 3557 matrimoniali
1138 3466 1375 3552 iunctarum
1406 3466 1487 3550 erit
1520 3474 1692 3570 23834.
1786 3464 1831 3555 Si
1863 3488 1963 3556 ueto
1994 3467 2077 3555 alia
2205 3467 2211 3552 ²,

811 3608 987 3713 ponatur
1021 3618 1123 3684 antas
1156 3588 1323 3704 singulis
1355 3596 1473 3678 nonis
1522 3594 1759 3705 desponsatis
1807 3600 2081 3705 communis,
2206 3593 2213 3642 ³

731 3774 733 3777 ·
796 3726 957 3820 ,eidem-
976 3726 1196 3839 quaestioni
1230 3720 1421 3807 inseruiet
1454 3720 1594 3809 tabella
1629 3719 1874 3835 paragraphi
1908 3727 2080 3812 vnilecl·

751 3928 756 3939 .
809 3854 904 3973 mi3
934 3855 1014 3939 erit
1045 3847 1156 3938 enirn
1188 3846 1337 3961 ubique
1369 3867 1567 3970 numerus
1602 3854 1968 3939 matrimoniorum
2001 3878 2082 3939 an·
2175 3852 2183 3873 '

792 3970 992 4097 *unorum
1025 3985 1074 4069 ad
1109 3982 1318 4067 summam
1352 3976 1544 4100 omnium
1576 3982 1942 4068 matrimoniorum
1979 3984 2079 4068 sub·

810 4106 1037 4197 sistentium
1085 4128 1134 4197 tt
1182 4128 1345 4219 tempus
1392 4111 1517 4191 vuius
1546 4108 1641 4191 anni
1673 4117 1721 4195 ad
1755 4129 1920 4219 tempus
1951 4112 2080 4196 dura-

794 4237 935 4335 tionis
966 4236 1138 4346 mediae,
1166 4239 1275 4348 quod
1306 4237 1352 4321 in
1381 4234 1575 4329 columna¹
1607 4233 1771 4324 secunda
1802 4236 1967 4323 tabellae
2000 4243 2083 4327 no-

691 4353 696 4365 ’
811 4383 947 4465 tatum
978 4364 1041 4453 est
1114 4370 1314 4452 Ponamtts
1346 4361 1480 4477 itaqua
1508 4363 1665 4471 singula
1699 4366 1962 4454 matrimonia
1995 4369 2082 4454 dis-

744 4580 751 4595 ,
797 4494 908 4619 ¹*ferri
940 4494 1143 4586 rufinam
1174 4486 1373 4605 trigesimi
1405 4496 1531 4604 anui,
1577 4498 1781 4612 oportebit
1812 4520 1923 4599 nunc
1956 4497 2079 4581 mul·

793 4614 797 4631 ¹
1215 4624 1219 4637 '
1954 4620 2082 4740 tipli-
2211 4634 2214 4770 l

2213 4799 2214 4831 r
