4600 5875
453 658 712 757 sraaa
779 649 1301 799 aussrrrusrs'
1395 694 1485 779 aaa

224 890 299 977 bus
331 897 491 983 moenia
521 894 670 983 castelli
704 908 813 983 nunc
845 892 1016 1007 collapsa
1048 916 1090 985 et
1121 898 1257 984 diruta
1288 898 1489 988 exllrusia

197 1020 370 1132 suere,
421 1022 632 1131 conchylia
667 1027 881 1139 petresaeia
915 1024 1128 1137 ⁴complura
1162 1030 1330 1136 inueni,
1380 1033 1490 1117 inter
1530 1108 1533 1113 .
1623 1124 1627 1129 ,

223 1176 326 1263 quae
359 1155 601 1267 praeprimis
634 1158 894 1265 Pediunculi,
931 1155 1129 1265 laycali,
1162 1154 1373 1265 Strombi,
1405 1160 1492 1243 Te·

224 1280 444 1371 rebratulae
491 1302 535 1371 et
586 1284 765 1373 Charmae
810 1286 942 1373 laeues
990 1287 1168 1373 minores
1216 1289 1489 1378 occurrebant.
1550 1329 1553 1334 >

198 1412 319 1519 ‚Ego
350 1416 423 1525 qui
457 1410 570 1500 nulla
601 1415 813 1524 petresacia
844 1418 886 1499 in
930 1412 1126 1527 lapidibus
1175 1415 1394 1520 calcareis,
1446 1417 1489 1499 iu

194 1538 298 1629 .hac
332 1545 399 1630 uia
433 1542 566 1645 uisas,
595 1544 931 1651 obscurandam,
964 1563 1077 1633 tanto
1107 1547 1237 1656 magis
1267 1546 1488 1658 cupiditate

223 1668 443 1781 flagrabam
475 1658 652 1782 sciendi,
694 1674 858 1781 ubinam
893 1672 1083 1761 locorum
1119 1672 1165 1757 hi
1198 1678 1347 1784 lapides
1379 1673 1491 1758 eruti

180 1786 192 1889 ’,
222 1802 379 1910 essent,
414 1802 456 1887 id
487 1803 594 1914 quod
629 1821 762 1889 tamen
794 1805 937 1890 rescire
966 1829 1048 1891 non
1080 1822 1277 1915 poteram.
1339 1803 1389 1890 In
1420 1824 1492 1908 re·

220 1930 315 2014 ditu
349 1954 483 2035 uero,
533 1956 630 2017 cum
663 1928 801 2017 lacum
835 1930 972 2019 llmen
1005 1930 1132 2039 glacie
1172 1932 1329 2019 tedium
1376 1930 1492 2017 traii-

191 2084 389 2166 cerem,
419 2061 568 2167 littus,
602 2090 624 2149 a
658 2082 832 2164 natura,
881 2064 1038 2169 aggeris
1070 2064 1223 2171 instar,
1274 2062 1398 2148 meris
1429 2059 1490 2146 la·

221 2189 378 2299 pidibus
409 2188 590 2277 calcareis
623 2193 870 2296 munitum,
925 2192 1089 2297 reperi,
1140 2192 1212 2301 qui
1264 2190 1491 2305 petrefac'tis

218 2317 421 2405 recensitis
454 2318 702 2424 turgebanr
741 2316 924 2405 Forsitan
958 2321 1085 2423 igitur
1118 2317 1305 2429 lapides,
1354 2322 1491 2431 priscis

221 2447 470 2558 temporibus
489 2508 509 2560 ,ι
535 2470 612 2556 pro
648 2448 855 2531 moenibus
887 2446 970 2531 istis
1003 2446 1248 2533 exstruendis
1270 2510 1295 2555 ‚⁴
1318 2448 1372 2532 ibi
1397 2470 1494 2533 eru·

218 2580 254 2660 ti
290 2579 479 2681 suerunt,
513 2576 552 2661 id
586 2577 694 2683 quod
727 2602 828 2662 uero
857 2597 907 2656 eo
938 2572 1110 2657 similius
1145 2576 1344 2681 uidetur,
1382 2602 1490 2686 quo·

218 2707 333 2790 niam
366 2730 419 2791 ex
450 2700 539 2790 lacu
560 2702 711 2795 ,limen
744 2728 815 2815 per
852 2698 1125 2809 Wolgowum
1159 2705 1271 2789 facile
1302 2724 1344 2796 et
1372 2702 1491 2817 ¹pau·

211 2836 275 2921 cis
307 2831 497 2946 impensrs
530 2834 736 2919 transferri
771 2848 1005 2940 potuerunt.
1077 2828 1153 2917 Sed
1186 2836 1235 2920 de
1273 2827 1336 2917 his
1386 2837 1489 2918 infra

215 2961 353 3078 plura.
405 3059 408 3068 ¹
452 2959 710 3048 Minuscham
757 2965 866 3045 inter
915 2979 957 3042 et
1003 2953 1335 3070 Namschajam,
1383 2957 1491 3050 haud

214 3091 365 3206 procul
400 3077 421 3174 a
454 3089 587 3174 fluuio
621 3088 797 3187 Scolon,
834 3111 960 3200 prope
995 3110 1147 3198 pagum
1186 3088 1325 3197 Vgla,
1359 3096 1490 3176 scatu-

209 3224 311 3330 rigo
344 3217 461 3312 salina
492 3221 722 3328 iacampis
755 3214 877 3300 harius
912 3220 1001 3326 pagi
1036 3213 1189 3326 exilit,
1238 3219 1353 3308 cuius
1385 3245 1489 3332 aqua
1531 3287 1534 3294 .

213 3359 263 3438 in
290 3353 434 3435 riuum
470 3345 633 3448 Fasraka
666 3370 835 3432 etcum
870 3370 919 3427 eo
953 3349 995 3427 in
1030 3343 1209 3433 fluuium
1242 3343 1383 3434 Scelon
1416 3350 1490 3434 de·

211 3483 382 3567 scendit.
479 3479 638 3589 Vbique
693 3471 820 3561 schisti
866 3472 942 3557 albi
971 3473 1135 3566 calcarei
1170 3481 1286 3563 strata
1320 3475 1391 3560 srbi
1423 3481 1490 3564 iu·

183 3614 358 3706 ¹vicem
390 3607 659 3690 incumbentia
692 3621 937 3709 occurrunt,
985 3607 1057 3713 qui
1091 3607 1215 3692 etiam
1249 3601 1372 3692 schisti
1406 3611 1489 3698 cir-

208 3767 263 3826 ca
303 3761 453 3848 pagam
491 3733 668 3842 Vgolrza
702 3738 742 3818 in
778 3733 929 3820 calcem
962 3735 1103 3827 uiuam
1138 3752 1329 3820 uruntur.
1408 3738 1489 3824 Hic

203 3869 382 3964 schistos
433 3865 628 3956 calcareas
674 3891 752 3948 noa
808 3862 880 3948 nisi
934 3862 1128 3950 rarillrme
1177 3864 1486 3975 perresaslorum

203 3993 550 4101 Corrclryliorum
586 3993 748 4100 vestigia
785 3990 990 4083 monstrat·
1090 3990 1312 4103 Reliquum
1346 4019 1489 4081 omnes

201 4131 293 4214 hae
327 4124 511 4233 reg'ones
547 4123 754 4237 paludosae
784 4143 827 4206 et
860 4119 1081 4228 uliginosae
1117 4121 1486 4213 Sturam-Rullum
1603 4203 1606 4206 ,

208 4283 359 4372 usque.

368 4380 520 4484 Stara·
543 4381 663 4471 Radia
699 4341 766 4468 ¹est
791 4339 793 4344 Ι
815 4380 1028 4493 Oppidum
1083 4380 1172 4466 satis
1222 4380 1410 4490 amplum
1446 4386 1489 4468 in

177 4517 451 4630 ‚principatu
506 4509 864 4632 Nowgorodeusr,
922 4534 1021 4598 120.
1074 4507 1204 4600 leucas
1253 4512 1488 4603 Rufficaa

164 4684 180 4736 ς
232 4751 236 4762 Ι
281 4629 824 4729 Tom.Xll.Nou.Comm.
1016 4637 1146 4726 Ddd
1396 4667 1488 4727 me·

402 4859 422 4900 Ο
