4600 5875
809 694 905 809 aaa
1095 675 1200 796 uu
1263 631 1828 778 nornarronn

585 926 728 995 saturae
957 914 992 1022 §.
1029 925 1101 1014 58,
1135 910 1325 1010 Saturam
1357 909 1488 997 amnii
1519 908 1678 1019 spurii,
1710 904 1776 990 seu
1804 893 2075 1010 raphen,d‘.cn

585 1023 741 1141 conditio.
806 1043 1182 1150 longitudinalem,
1215 1069 1316 1155 quae
1351 1042 1390 1124 in
1429 1041 1562 1123 media
1596 1038 1676 1121 fiere
1708 1030 1921 1144 superficie
1949 1029 2079 1125 bullae

585 1121 668 1223 (Q
692 1144 725 1203 7'
749 1114 784 1219 l)
806 1176 933 1258 tertio
960 1174 1026 1258 die
1059 1193 1256 1284 apparet,
1310 1172 1460 1253 lineam
1496 1167 1716 1285 depreffam
1757 1162 1840 1256 fiae
1892 1162 2080 1265 rimam,

805 1328 908 1413 quae
937 1328 992 1385 ex
1023 1299 1103 1389 fine
1136 1305 1273 1386 foueae
1305 1295 1505 1389 cardiacae
1544 1296 1762 1397 inferiori,
1813 1292 1957 1381 senfim
2009 1314 2081 1373 an-

806 1433 993 1539 gustato,
1029 1433 1221 1515 continua
1255 1429 1361 1513 tedia
1394 1426 1582 1517 deorsum
1616 1426 1891 1539 producitur,
1922 1440 1963 1514 et
1982 1444 2081 1534 pro·

805 1589 858 1673 pe
891 1561 1155 1648 inuolucrum
1189 1558 1332 1647 caudae
1372 1559 1635 1651 terminatur.
1719 1556 1845 1647 Rima
1884 1573 1981 1636 vere
2026 1550 2080 1635 est

807 1695 914 1776 inter
947 1709 1137 1799 utrasque
1170 1708 1300 1802 partes
1333 1684 1514 1770 laterales
1545 1681 1676 1770 bullae
1708 1684 1960 1786 decurrens,
1995 1704 2079 1764 eas-

809 1844 885 1930 que
918 1844 939 1902 a
975 1820 1011 1905 se
1044 1821 1219 1908 inuicem
1252 1817 1527 1923 distinguens,
1570 1816 1693 1897 tertio
1728 1815 1898 1926 quidem
1932 1814 2000 1903 die
2030 1808 2079 1901 fi·

810 1952 930 2050 nit0;
955 1962 961 1995 ¹
982 1975 1077 2041 nam
1128 1947 1330 2060 margines
1360 1949 1471 2049 eius,
1500 1942 1618 2027 ficuri
1650 1946 1700 2033 de
1734 1942 1989 2049 marginibus
2020 1942 2078 2027 fo·

810 2102 907 2161 veae
940 2079 1139 2163 cardiacae
1170 2077 1274 2180 dixi,
1307 2073 1433 2158 srmili
1469 2077 1591 2163 modo
1623 2070 1660 2155 se
1693 2089 1868 2181 tangunt
1899 2088 1945 2157 et
1990 2096 2077 2155 coa·

810 2205 977 2291 luerunt
1004 2230 1167 2320 qnoque
1209 2206 1315 2289 inter
1364 2206 1530 2313 se,.vt
1584 2200 1720 2295 stilum
1774 2204 2078 2319 intromittere,

810 2337 1013 2439 margines
1042 2345 1216 2443 reparare
1247 2351 1288 2416 et
1322 2331 1471 2418 rimam
1505 2330 1672 2415 dilatare
1706 2355 1787 2445 non
1820 2331 1943 2421 liceat.
1984 2330 2074 2427 An·

810 2481 850 2546 te
878 2460 955 2547 hoc
990 2484 1153 2569 tempus
1192 2486 1328 2566 vero,
1378 2464 1443 2548 die
1492 2456 1695 2562 sccund0,
1745 2464 1947 2569 margines
1996 2482 2077 2548 non

807 2589 941 2675 solum
972 2590 1143 2701 separati
1177 2598 1264 2677 tunt
1296 2614 1318 2672 a
1351 2587 1389 2669 se
1420 2589 1631 2693 inuicem,
1679 2586 1742 2673 sed
1791 2587 1873 2675 late
1920 2610 2077 2700 quoque

808 2718 953 2803 distant
983 2713 1067 2830 (fig.
1102 2729 1144 2807 6.
1177 2746 1227 2805 m.
1258 2710 1310 2827 a.)
1343 2717 1472 2823 adeo,
1521 2734 1570 2805 vt
1602 2735 1689 2803 tota
1723 2718 1954 2837 superficies
2008 2742 2076 2800 an-

810 2848 937 2930 terior
970 2850 1102 2960 spinae
1135 2846 1332 2951 dorsalis,
1364 2848 1472 2958 qnod
1510 2850 1669 2933 mirum
1703 2837 1810 2934 certe
1841 2848 2078 2956 videbitur,

809 2977 947 3082 nuda,
977 2996 1019 3063 et
1052 2973 1135 3062 srne
1167 2977 1256 3064 nilo
1289 2979 1467 3062 cuiusuis
1500 2982 1657 3086 generis
1690 2983 1980 3087 integumento
2008 2999 2077 3090 pet

805 3099 913 3191 hanc
929 3128 1163 3216 aperturam
1182 3128 1382 3218 appareat.
1446 3105 1669 3192 Orificium
1688 3111 1916 3195 cardiacum
1936 3111 2077 3194 eodem
2220 3209 2222 3232 ἱ

812 3252 1001 3346 tempore
1017 3263 1113 3324 cum
1139 3233 1329 3321 srrnilirer
1354 3253 1463 3346 patet
1484 3235 1570 3346 (fig.
1598 3261 1634 3335 5.
1653 3233 1703 3351 k.)
1722 3227 1748 3342 ‚⁵
1765 3261 1875 3325 totus
1909 3239 2078 3344 embryn

810 3365 940 3448 antire
968 3386 1130 3476 apertus
1159 3365 1246 3470 est,
1290 3385 1447 3475 praeter
1480 3387 1635 3477 partem
1670 3369 1758 3452 eius
1791 3369 2078 3481 superiorem,

811 3514 912 3598 quae
945 3494 1063 3606 super
1096 3495 1257 3581 foueam
1290 3496 1511 3581 cardiacam
1546 3495 1618 3580 fita
1657 3499 1725 3582 est.
1829 3503 1940 3582 Haec
1994 3517 2079 3608 pars

809 3621 1099 3730 tirprac-ardiaca
1148 3617 1234 3733 (fig.
1271 3629 1313 3711 6.
1347 3629 1398 3718 e.)
1452 3645 1544 3707 tum
1579 3625 1725 3710 tubum
1758 3629 1971 3737 integrum
2015 3653 2078 3710 re·

807 3754 917 3848 sert,
949 3753 1118 3863 superne
1149 3751 1362 3861 clausum,
1409 3753 1561 3839 inferne
1598 3778 1669 3866 per
1702 3755 1837 3867 ipsum
1869 3755 2076 3843 orificium

808 3883 1035 3966 cardiacum
1068 3901 1273 3992 apertum.
1340 3883 1417 3970 Sed
1444 3909 1548 3989 cor,
1577 3887 1684 3994 quod
1718 3875 1934 3994 regionem
1964 3889 2075 3996 supra

809 4011 1031 4097 cardiacam
1067 4031 1175 4096 tenet
1208 4031 1345 4096 tamen
1384 4035 1499 4100 extra
1550 4014 1637 4102 tubi
1689 4040 1842 4100 cauum
1892 4017 1940 4101 ad
1989 4013 2072 4101 eius

808 4139 1063 4250 superficiem
1114 4143 1360 4227 anteriorem
1412 4142 1651 4234 collocatum
1703 4147 1757 4230 est
1805 4141 1892 4251 (fig.
1924 4151 1965 4225 6.
1985 4137 2075 4257 fi),

812 4285 855 4347 er
907 4271 1062 4352 nudum
1110 4272 1289 4379 quidem.
1387 4269 1614 4358 Tlroracenr
1665 4267 1743 4356 hoc
1778 4293 1959 4384 ternpore
1993 4295 2076 4356 non

811 4393 933 4478 aderio
969 4401 1082 4506 puto.
1159 4400 1298 4481 'subus
1329 4403 1445 4484 enim
1477 4401 1627 4485 thorax
1660 4425 1741 4485 non
1773 4405 1849 4508 est,
1883 4401 2078 4512 oesopha-

767 4601 770 4605 ,
808 4547 884 4633 gus
918 4547 1055 4612 antem
1086 4527 1162 4622 effe
1196 4526 1390 4639 videtur,
1421 4531 1470 4616 de
1505 4555 1583 4643 qua
1617 4549 1661 4613 re
1695 4533 1741 4617 ad
1774 4533 1806 4635 ς.
1850 4544 1954 4620 128.
1989 4533 2078 4646 plu·

2038 4685 2077 4746 ra
