4600 5875
434 581 1479 764 rurnsrrnonvn74n

208 889 335 992 sum,
375 886 609 973 conuexitas
641 867 872 970 extrorsum
905 885 1096 996 respicit3
1143 872 1194 972 eti
1227 886 1365 993 neto,
1413 886 1480 971 lub

210 1014 393 1126 angulo,
428 1039 552 1123 quem
584 1016 704 1123 dixi,
743 1018 813 1124 qui
847 1014 1025 1122 limbum
1062 1019 1298 1102 interiorem
1334 1019 1478 1101 consti-

198 1145 326 1248 tuit,
382 1163 536 1250 acuto,
564 1141 681 1230 illico
720 1145 951 1230 extrorsum
983 1145 1025 1227 in
1056 1145 1269 1256 planitiem
1305 1147 1481 1232 reficiti-

208 1292 292 1360 tur.
348 1273 430 1362 Hac
461 1261 562 1382 ergo
595 1273 750 1357 ratione
781 1297 803 1356 a
834 1277 944 1386 spina
975 1272 1118 1358 dorsali
1150 1298 1192 1361 et
1222 1277 1478 1362 membranae
1500 1301 1621 1380 Fistula
1642 1312 1690 1385 in·

207 1421 354 1514 parte,
386 1402 435 1486 ad
465 1398 667 1510 angulum
698 1425 827 1512 usque
862 1405 1106 1514 productae,
1143 1407 1340 1492 dimidius
1360 1403 1480 1507 tubus
1500 1405 1681 1483 tellinalis·
1710 1476 1713 1482 .

206 1533 374 1638 oritur,
402 1528 517 1614 cuius
553 1531 754 1637 margines
787 1529 862 1641 ipsa
902 1533 1019 1617 limbi
1040 1525 1253 1623 interiores
1270 1527 1481 1619 et'cauitas
1551 1506 1619 1607 ill
1804 1510 1807 1518 ’

207 1653 290 1772 ipsa
309 1678 497 1774 apertura
515 1653 644 1743 amnii
662 1661 788 1770 spurii
806 1662 872 1747 est.
929 1661 1036 1747 Haec
1055 1688 1159 1746 nunc
1178 1663 1308 1748 fistula
1323 1663 1480 1751 intelli·
1501 1701 1537 1759 et
1564 1687 1664 1763 abdo

206 1785 326 1896 n‘alis,
343 1807 392 1874 vt
408 1791 487 1876 dici
507 1789 656 1900 potest,
674 1781 968 1900 (primordium
989 1814 1059 1875 me
1077 1786 1275 1907 senterii),
1309 1793 1480 1880 interior
1497 1789 1641 1886 minuis.

207 1919 280 2026 etl,
297 1938 337 2002 et
354 1919 601 2040 exteriorem
621 1919 688 2003 fibi
709 1915 859 2026 habet,
890 1946 1013 2030 quam
1044 1911 1224 2006 fistulam
1266 1907 1369 2008 dicas
1402 1919 1480 2040 hoc
1531 1889 1571 2032 ll·
1596 1888 1638 1990 'l

206 2039 398 2158 tempore
430 2048 759 2154 abdominalem,
810 2047 989 2134 fimilem
1024 2051 1171 2132 tubum
1223 2051 1478 2158 dimidium,

129 2170 134 2178 ’
199 2179 258 2258 e'x
292 2175 425 2283 spinae
458 2175 599 2260 dorsali
637 2196 749 2287 parte
798 2179 1037 2286 posteriori,
1090 2201 1143 2264 ex
1189 2179 1301 2264 fascia
1349 2205 1474 2291 quam

200 2303 390 2412 superius
422 2303 511 2390 dixi
545 2307 599 2410 (i.
635 2300 726 2416 96.)
755 2324 797 2388 et
836 2303 966 2390 limbo
995 2306 1237 2392 abdominali
1268 2308 1478 2421 ,composi-

203 2435 331 2518 tum'
411 2429 536 2517 Dicta
583 2433 696 2516 enim
746 2430 856 2514 fascia
896 2429 1161 2516 abdominalis
1194 2431 1321 2518 fimili
1354 2436 1479 2523 modo

199 2586 259 2647 ex
300 2559 486 2650 lateribus
515 2561 646 2670 spinae
677 2556 873 2666 dorsalis,
911 2559 975 2645 sed
1003 2585 1056 2648 ex
1093 2581 1206 2669 parte
1237 2564 1369 2671 magis
1401 2558 1479 2673 po4
1549 2595 1555 2606 ·

182 2691 365 2776 ‘steriori
395 2691 566 2795 oritur,
616 2692 709 2776 inde
750 2689 983 2775 antrorsum
1026 2710 1221 2774 curuatur
1260 2712 1301 2775 et
1325 2693 1478 2781 ..limbo
1544 2739 1550 2748 .

194 2823 276 2908 suo
307 2816 555 2907 craffiusculo
589 2817 848 2904 terminatur.
911 2819 990 2903 Hic
1009 2839 1122 2928 'ergo
1151 2824 1332 2907 exterior
1357 2823 1478 2908 tubus

193 2954 390 3065 priorem
420 2950 662 3036 interiorem
691 2946 1012 3057 compeditur,
1063 2968 1105 3033 et
1144 2966 1231 3034 tota
1278 2953 1478 3059 embryo·

191 3085 266 3167 nis
302 3103 393 3191 pars
425 3080 705 3165 infracardiaca
737 3099 789 3159 ex
821 3078 973 3163 duobus
1015 3076 1080 3162 his
1121 3077 1228 3162 tubis
1269 3079 1478 3193 compost·

192 3228 240 3297 ta
277 3212 344 3295 est.
418 3210 656 3297 Membrana
687 3205 859 3319 denique
891 3201 1110 3293 exlimbo
1136 3210 1328 3296 interiori
1360 3212 1477 3324 super

189 3340 459 3427 exteriorem
492 3339 673 3441 reflexa,
724 3332 821 3423 huie
866 3338 1104 3423 immediate
1151 3338 1384 3447 incumbit,
1433 3358 1477 3427 er

188 3472 301 3557 eum
350 3464 543 3581 pellucida
589 3466 672 3567 lit,
720 3462 976 3579 limbumque
1023 3469 1305 3577 exteriorem,
1350 3496 1394 3555 ac
1443 3462 1475 3554 fi

186 3586 320 3685 nulla
354 3603 582 3685 membrana
623 3610 857 3702 tegeretur,
899 3614 1149 3707 transpnrere
1178 3597 1310 3704 linat3
1360 3596 1477 3692 facies

187 3730 371 3834 oritur,
403 3726 512 3841 quasi
545 3748 598 3810 ex
631 3726 757 3811 meris
787 3724 868 3811 illis
900 3721 1045 3811 fistulis
1077 3728 1250 3834 embryo
1282 3727 1474 3821 111111111-

185 3859 344 3945 diacus
374 3872 724 3969 componeretur,
776 3875 819 3942 et
853 3857 1024 3942 interior
1055 3858 1224 3969 quidem
1257 3859 1305 3943 ad
1343 3865 1476 3967 angu-

185 3985 296 4071 lum
332 3985 448 4071 suum
480 3988 545 4072 sen
580 3983 758 4071 limbum
792 3988 1115 4093 terminaretur,
1156 3984 1395 4099 nullamque
1429 3989 1472 4071 in

187 4114 489 4219 membranam
544 4140 669 4227 porro
717 4116 1055 4219 continuaretur,
1105 4121 1286 4202 exterior
1335 4133 1473 4201 autem

182 4242 381 4348 omnino
413 4245 545 4331 nudus
575 4242 682 4330 ellat.
748 4242 888 4358 Quam
922 4244 1110 4354 primum
1146 4270 1248 4332 vero
1266 4244 1364 4336 haec
1383 4243 1473 4357 pel-

179 4370 339 4465 lucida
376 4376 608 4461 membrana
638 4394 711 4483 per
744 4373 877 4465 succos
921 4374 1195 4463 accumulatos
1250 4375 1292 4459 in
1343 4373 1474 4465 bullae

176 4500 379 4621 speciem
411 4504 623 4604 elebatur,
671 4518 765 4595 rum
798 4522 840 4588 et
872 4520 1044 4615 uterque
1076 4502 1228 4589 limbus
1259 4523 1302 4597 et
1333 4528 1474 4601 mem·
1506 4555 1510 4561 ·
1588 4492 1592 4504 ’

89 4701 96 4711 .
249 4626 811 4747 ι’10111111Νοι1.(ῑοιι1111.
875 4634 879 4639 ’
976 4632 1130 4753 ,Qqq
1352 4634 1472 4741 brana
1524 4684 1533 4694 -
