4600 5875
815 686 914 769 „4
1108 652 1211 741 on
1274 644 1832 743 ronunrronn

815 892 1004 1004 septem,
1035 882 1171 969 immo
1203 880 1298 977 ouo
1326 881 1491 969 dierum
1523 880 1603 967 alia
1635 881 1838 993 superent,
1866 882 2087 993 quamuis,

817 1008 930 1129 quod
979 1014 1109 1119 tnagis
1158 1014 1392 1099 mirandum
1443 1010 1518 1097 effe
1566 1016 1736 1119 cenico,
1784 1014 1961 1119 omnia,
2010 1010 2088 1096 fine
2215 1028 2216 1094 ἱ

818 1128 997 1247 tardiora
1029 1144 1179 1229 fuerint
1211 1163 1398 1253 tempore
1452 1140 1737 1248 incubatorio,
1801 1139 1887 1227 flue
1927 1168 2097 1274 praeces⁸
2216 1187 2217 1196 κ

821 1275 918 1380 cia,
949 1272 1014 1354 die
1048 1271 1249 1380 rigeiirno
1282 1273 1423 1383 priano
1453 1268 1671 1380 absoluto,
1702 1297 1776 1358 uec
1807 1268 1922 1358 facile
1953 1272 2100 1384 prius,*

821 1400 854 1491 sr
887 1423 1028 1515 paucas
1057 1399 1178 1488 horas
1211 1399 1426 1511 largiaris,
1459 1402 1723 1488 maturescant
1752 1419 1923 1505 tamen,
1959 1409 2087 1493 letum

821 1554 903 1644 que
933 1528 1162 1638 excludant.
1233 1526 1373 1615 Sitnrn
1408 1552 1589 1619 ouorurn
1624 1530 1692 1635 sub
1721 1522 1871 1639 gallina
1902 1531 2091 1655 incuban
2216 1587 2217 1594 a

682 1748 685 1751 ,
823 1679 864 1745 te
897 1660 1080 1747 multum
1113 1656 1193 1745 huc
1223 1664 1406 1744 conferre
1446 1679 1580 1769 puto,
1634 1662 1819 1747 maxime
1851 1684 1949 1751 cum
1985 1662 2088 1752 inde

824 1788 948 1876 strnul
981 1774 1268 1895 intelligatur,
1314 1811 1394 1899 qua
1428 1787 1585 1881 ratione
1619 1791 1816 1876 retardata
1849 1810 1931 1878 oua
1981 1816 2087 1881 com-

824 1920 1013 2034 pensari,
1069 1936 1111 2003 et
1145 1918 1348 2030 praecocia
1377 1913 1550 2003 limitari
1584 1918 1762 2029 poffint3
1816 1942 1912 2006 narn
1944 1921 2088 2009 durau·

687 2040 690 2047 ’
828 2064 872 2134 te
916 2047 1169 2133 incubatione
1216 2043 1415 2152 gallinam
1462 2048 1615 2158 saepius
1662 2043 1919 2159 deprehendi
1960 2069 2087 2141 totum

775 2216 791 2236 ν
827 2174 977 2263 nidum
1009 2194 1189 2259 euertere
1218 2198 1299 2260 non
1331 2170 1414 2259 fine
1440 2174 1609 2287 strepitu
1642 2199 1685 2265 et
1722 2177 1858 2288 aliquo
1904 2178 2088 2287 clamore

827 2304 927 2391 adeo
959 2323 1007 2391 ut
1036 2291 1410 2390 infcriora'sursum
1434 2366 1446 2409 ,
1467 2338 1472 2349 ⁴
1495 2309 1703 2414 superiora
1740 2310 1930 2394 deorsum
1980 2306 2091 2399 conr?

829 2453 1108 2537 moueantur3
1141 2422 1388 2541 'saepiusque
1440 2422 1515 2519 hac
1566 2434 1768 2519 occafione
1817 2438 1997 2549 accidit,
2045 2460 2087 2527 ut

830 2583 912 2645 oua
947 2562 1044 2643 nido
1074 2564 1420 2651 extrudanturet
1461 2568 1709 2674 frangantur.
1787 2564 1947 2656 Deinde
1996 2553 2091 2655 ueto

540 2657 572 2681 '⁴
698 2737 702 2746 ·
831 2686 1070 2801 plurimum
1118 2712 1275 2799 quoque
1325 2693 1580 2779 contribuere
1629 2696 1941 2805 animaduerti,
1990 2698 2088 2811 quod

831 2814 966 2931 perill.
1023 2814 1209 2903 Hollerttr
1257 2816 1515 2930 obstruant,
1555 2826 1718 2911 varium
1751 2825 1925 2938 galiinae
1958 2828 1998 2912 in
2026 2828 2090 2913 suu

756 3055 761 3065 Α
831 2944 1021 3036 instinctu
1054 2950 1275 3032 feruorem.
1374 2951 1495 3041 Aliae
1524 2956 1636 3040 enirn
1672 2941 1795 3060 sunt,
1833 2957 1979 3068 quibua
2008 2955 2088 3042 nul·

832 3075 924 3162 luco
957 3076 1126 3164 cubandi
1158 3077 1337 3164 studium
1370 3082 1460 3185 est,
1499 3106 1600 3193 quae
1631 3084 1800 3195 pingues
1831 3090 1924 3179 sunt
1955 3107 1997 3173 et
2026 3109 2088 3171 ru·

832 3209 907 3291 bro
940 3206 1096 3314 pectine
1128 3227 1361 3313 ornantur,
1410 3206 1484 3295 hae
1516 3201 1842 3324 oua‘derer'unt,
1890 3234 1935 3299 et
1970 3215 1999 3303 ii
2029 3239 2089 3300 co·

836 3356 991 3444 guntur
1022 3357 1066 3415 ea
1101 3351 1238 3417 tamen
1270 3336 1345 3419 vix
1377 3337 1643 3448 calefaciunt3
1690 3340 1791 3440 aliae
1828 3367 1973 3432 autern
2008 3366 2089 3458 prae

836 3464 1023 3572 cupidine
1054 3460 1225 3548 cubandi
1256 3467 1419 3555 uictum
1454 3472 1698 3579 negligunt,
1748 3491 1790 3557 et
1833 3474 1946 3586 quafi
1996 3480 2091 3561 febre

798 3677 805 3688 ,
834 3593 994 3692 ardente
1027 3589 1287 3701 laborarent,
1326 3615 1417 3684 toto
1446 3623 1622 3712 corpore
1648 3621 1805 3706 urunt,
1852 3606 1963 3692 vnde
1990 3605 2091 3693 breui

837 3726 1124 3828 emoriantur,
1157 3725 1636 3836 praememorantur,
1669 3735 1779 3843 quod
1812 3734 1944 3842 uulgo
1979 3739 2097 3832 etiarir

838 3873 984 3952 notum
1018 3851 1104 3957 est,
1137 3850 1258 3961 albo,
1291 3856 1530 3965 contracto,
1571 3861 1759 3969 exsucro.
1858 3863 1980 3956 Circa
2013 3888 2098 3952 rue»

837 3983 954 4068 diurn
988 4001 1088 4086 ergo
1120 3984 1211 4068 dico
1257 3984 1367 4083 diem
1414 3989 1620 4094 tertium,
1669 3992 1737 4078 vel
1784 3993 1914 4106 paulo
1958 3999 2092 4104 priua,

838 4109 907 4196 uel
961 4106 1081 4216 paulo
1128 4112 1253 4196 serius
1301 4113 1421 4199 status
1470 4120 1705 4224 embryonis
1744 4117 1981 4218 huiusmodi
2008 4121 2098 4226 est,

839 4234 1000 4357 qualem
1033 4263 1139 4323 nunc
1172 4239 1372 4331 continuo
1398 4243 1627 4354 describam.
