4600 5875
453 586 709 688 sunna
756 546 1262 690 ¹uvsstuuttu
1309 683 1313 692 ,
1363 612 1484 711 -297

222 838 264 917 el
296 820 398 911 acidi
430 819 639 937 Vitriolioi
671 820 896 909 exhibeant.
943 826 1082 911 'Addo
1114 826 1223 938 quod
1253 828 1486 940 compluti·

221 952 299 1036 bus·
325 956 369 1039 in
404 947 503 1036 locis
530 953 670 1060 ipsum
706 949 875 1061 sulphur
907 956 1126 1061 uotiuum,
1166 958 1274 1039 circa
1305 960 1394 1042 salis¹
1425 959 1489 1043 fo·

221 1080 334 1165 dinas
378 1081 636 1189 reperiatur,
690 1083 807 1165 cuius
859 1086 919 1167 rei
953 1082 1205 1193 Exemplum
1237 1084 1480 1175 salisiadinae

220 1206 464 1311 Polonitae,
507 1209 609 1317 quin
655 1228 699 1295 et
747 1210 933 1317 nostrae,
981 1214 1176 1321 inprimis
1226 1213 1268 1296 in
1320 1218 1487 1323 regione

149 1412 154 1419 .
221 1334 524 1433 Alltachanenfi
581 1337 686 1421 circa
741 1337 990 1448 Sameram,
1054 1340 1229 1454 alibique
1285 1343 1486 1429 exhibent.

220 1468 298 1557 His
328 1456 435 1553 nune
468 1462 594 1549 millis
622 1464 677 1549 ad
708 1464 861 1585 reliqua
892 1468 1032 1555 solltlia
1065 1460 1173 1556 eirca
1205 1466 1320 1556 Stura
1340 1516 1359 1533 ·
1379 1468 1502 1562 Rus-²

216 1601 304 1693 sam
335 1594 620 1701 occurrentia,
650 1618 717 1680 me
746 1616 953 1682 conuerte.
1015 1596 1147 1717 Supra
1181 1599 1299 1708 dixi,
1304 1607 1309 1615 '
1359 1590 1494 1687 Poliaae

215 1728 305 1811 sam
336 1748 435 1809 cum
470 1724 619 1809 Lowat
650 1721 779 1811 fluuio
815 1737 883 1815 18.
916 1727 1065 1812 Leucas
1097 1724 1274 1816 Rufficas
1313 1728 1361 1811 ab
1408 1756 1488 1839 op·

217 1856 323 1967 pido
353 1854 518 1942 distante
548 1854 638 1938 se
627 1877 807 1962 iungere.
903 1855 1035 1939 Huius
1087 1854 1274 1940 fluminis
1322 1854 1490 1943 Poliffao

132 1983 327 2094 ripae
358 1984 407 2068 ad
439 1968 590 2067 ouium
624 2004 751 2091 usque
782 1984 904 2070 suum
931 1986 1200 2088 examinaui,
1247 2004 1290 2070 et
1337 2011 1488 2097 expet·

213 2131 286 2199 tus
317 2116 441 2217 lum,
471 2108 580 2225 ripas
612 2112 778 2216 ambas,
812 2113 883 2197 l'ub
915 2108 1077 2217 humo,
1110 2137 1163 2197 ex
1197 2111 1326 2197 stratis
1359 2137 1489 2199 terrae

212 2236 419 2340 martialis
455 2234 680 2323 'ochtacere
728 2256 769 2321 et
818 2258 924 2327 terra
961 2244 1134 2351 quadam
1171 2242 1287 2346 nigra
1317 2242 1491 2351 pingui,

213 2366 519 2472 constantibus,
580 2370 696 2477 seque
727 2366 908 2453 inuicem
938 2368 1268 2479 excipientibus,
1315 2395 1491 2482 compo-

209 2495 311 2583 sitas
342 2495 431 2579 effe.
496 2494 602 2577 Haec
636 2495 753 2579 litata
786 2519 896 2580 nune
929 2494 1101 2582 unicum
1143 2514 1342 2602 tantum,
1382 2526 1492 2585 nunc

204 2626 356 2739 plures
387 2618 554 2737 pollices
603 2622 770 2707 craffitie
818 2643 1005 2733 aequant.
1103 2624 1143 2707 T
1145 2649 1235 2710 erra
1286 2626 1487 2712 martialis

205 2756 374 2843 ferrum
408 2751 609 2838 fundendo
641 2748 852 2858 largitur,
904 2768 989 2836 tam
1021 2753 1149 2863 quoad
1180 2755 1489 2866 quantitatem,

200 2906 340 2998 quum
374 2879 505 2994 quoad
533 2878 807 2990 qualitatem,
849 2875 964 2964 nulla
1011 2880 1234 2966 attentione
1280 2882 1489 2994 dignum,

195 3033 386 3102 ,centum
420 3006 619 3120 pondium
650 3011 763 3092 enim
796 3009 871 3093 vix
905 3034 949 3093 ac
983 3034 1032 3094 ne
1063 3010 1137 3092 vix
1170 3005 1337 3120 quidem
1362 3013 1488 3124 quin·

200 3165 294 3256 que
326 3135 446 3225 libras
476 3137 642 3238 fundit,
677 3135 798 3245 idque
829 3136 1123 3220 refraelarium.
1190 3138 1318 3222 Terra
1352 3142 1486 3249 nigra,

200 3287 304 3358 tam
333 3267 466 3380 quoad
499 3263 681 3364 colorem
712 3289 834 3374 quam
866 3264 1171 3376 conlillentiam
1190 3285 1344 3350 terram
1369 3269 1487 3354 istam

195 3401 380 3509 nigram
412 3392 675 3505 sulphuream
709 3395 937 3501 mentitur,
988 3395 1039 3479 de
1089 3414 1168 3506 qua
1205 3394 1324 3504 supra
1372 3398 1486 3485 dixi·

196 3553 345 3632 mus,
376 3527 480 3611 odor
511 3546 613 3610 ueto
643 3521 719 3633 ipst
754 3519 871 3633 plane
913 3519 1086 3629 nullus,
1135 3520 1482 3630 quemadmodum

134 3681 147 3725 ¹
194 3675 250 3747 et
289 3653 570 3766 experimenta
600 3649 804 3758 Chymica
837 3673 936 3738 cum
988 3676 1032 3735 ea
1083 3651 1298 3760 instituta,
1337 3653 1486 3738 'diuer-

118 3781 127 3793 “
194 3787 300 3878 sam
334 3802 377 3868 et
410 3805 519 3893 mere
558 3777 789 3891 argilloffirn
842 3781 917 3864 effe
967 3778 1268 3865 monstrarunt.¹
1351 3767 1485 3870 Ante·

193 3939 345 4029 quam
378 3907 519 3996 Poliffa
547 3934 643 4010 cum
679 3912 825 3998 Lowat
859 3911 1080 4018 iungitur,
1129 3911 1178 3993 ad
1227 3909 1333 3995 latus
1385 3909 1485 3998 fini·

196 4047 380 4145 strum,
429 4035 541 4124 lacus
590 4035 845 4154 praegrandis
893 4064 992 4124 cum
1024 4038 1132 4122 Lacu
1167 4035 1303 4124 llmen
1333 4036 1483 4124 cohae-

194 4197 303 4260 rens
337 4168 584 4260 obseruatum
683 4169 763 4256 llic
794 4164 905 4252 lacus
939 4166 1082 4252 nolitis
1113 4169 1194 4276 fere
1228 4170 1490 4278 temporibus·

192 4319 330 4389 ortus
372 4297 459 4402 est,
507 4315 550 4383 et
598 4291 716 4385 senes
763 4291 879 4386 Stara
897 4338 917 4356 -
936 4293 1140 4383 Rullenses
1187 4299 1484 4408 recordantur,

191 4455 311 4518 eum
347 4449 420 4539 pet
452 4423 732 4516 sublideotiam
765 4443 893 4511 tettae
925 4426 1065 4535 primo
1094 4441 1236 4522 ottum
1253 4424 1359 4534 elie,
1392 4431 1482 4512 suc·

834 4551 963 4642 Ddd
1003 4574 1028 4656 3
1378 4551 1482 4654 celso
