4600 5875
453 693 1279 803 tntrnsrrnonvn.
1403 722 1498 805 419

383 928 417 1029 §,
458 952 525 1028 19.
561 928 672 1017 Vena
703 927 939 1025 descendens
969 926 1070 1012 oriri
1102 929 1268 1014 uidetur
1318 926 1358 1010 in
1407 948 1500 1014 area
1520 944 1618 1012 vena
1642 934 1700 1013 de·

231 1052 333 1139 uiua
366 1079 417 1141 ex
450 1056 537 1163 imo
569 1062 724 1145 uertice
754 1060 992 1163 embryonis
1028 1058 1133 1143 dum
1186 1063 1317 1168 spinae
1365 1057 1500 1142 dorsa·
1521 1038 1696 1157 (cennens.

234 1180 287 1269 lis
319 1205 436 1299 parte·
462 1188 641 1275 inferiori
675 1192 763 1273 eius
793 1208 907 1275 ortus
938 1187 1098 1289 tegitur.
1183 1188 1332 1273 Oritur
1359 1207 1501 1273 autem
1569 1140 1630 1243 ω

226 1337 285 1401 ex
325 1316 451 1399 altera
498 1340 602 1407 uena
651 1317 889 1420 vitellaria,
935 1316 1106 1426 indeque
1154 1317 1261 1412 reda
1306 1319 1502 1421 deorsum

231 1436 335 1551 petit
368 1463 410 1527 et
441 1440 618 1552 simplex
650 1447 691 1528 in
742 1445 886 1534 infime
935 1465 1049 1557 parte
1094 1472 1210 1533 areae
1254 1447 1298 1529 in
1347 1445 1502 1528 multos

231 1566 421 1681 ramulus
448 1572 724 1683 dispergitur,
757 1578 840 1685 qui¹
858 1598 957 1656 cum
994 1578 1121 1659 ramis
1153 1574 1408 1659 inferioribus
1427 1597 1501 1656 ue·
1606 1588 1610 1595 ’

204 1722 383 1783 narum
436 1697 730 1807 uitellari'arum
777 1702 985 1791 conlundi
1022 1723 1124 1789 rete
1184 1698 1328 1804 dlud,
1392 1702 1501 1809 quod
1613 1690 1624 1712 ‘

224 1823 347 1931 dixi,
379 1830 662 1937 constituunt,
694 1836 881 1945 quodque
909 1858 1007 1919 cum
1039 1856 1142 1917 uena
1177 1826 1382 1915 terminali
1399 1856 1500 1917 eun-

169 2018 174 2029 .
224 1956 429 2063 iungitur.
482 1966 487 1977 '
921 1981 925 1989 ·
1676 2031 1681 2043 .

285 2092 289 2099 “
379 2086 410 2187 ς.
451 2074 520 2171 αό.
569 2089 765 2172 Tertium
819 2086 987 2200 denique
1025 2104 1069 2173 et
1112 2089 1266 2172 mirum
1300 2112 1498 2176 venatum
1520 2115 1619 2187 vene
1644 2127 1711 2189 tee-

203 2218 356 2317 'genus
385 2212 440 2295 est
474 2236 574 2296 uena
609 2215 843 2309 terminalis,
943 2218 1007 2303 Ita
1037 2219 1132 2301 dico
1164 2241 1348 2324 venam,
1399 2231 1500 2329 quae
1520 2213 1665 2291 minatis.

225 2343 743 2426 circumlerentiamureae
772 2344 985 2445 describit,
1029 2366 1189 2452 quam,
1238 2344 1502 2456 fiperfeetus
1572 2312 1634 2418 (l)

221 2463 404 2551 circulus
436 2466 563 2571 esset,
615 2468 788 2579 quilibet
820 2470 921 2555 sorte
953 2470 1158 2555 circulum
1193 2477 1391 2559 venosum
1423 2498 1500 2587 ap-

199 2590 428 2708 'pellaret‚
465 2602 531 2683 led
566 2592 697 2713 figura
729 2598 854 2681 huius
888 2622 1011 2683 uenae
1043 2618 1084 2681 et
1117 2592 1338 2684 inconstans
1368 2602 1424 2687 est
1454 2622 1498 2691 et

217 2750 436 2834 nunqnam
474 2724 645 2833 perfede
677 2726 893 2812 circularis
990 2725 1237 2837 Plerumque
1286 2730 1334 2813 in'
1382 2750 1495 2840 parte
1513 2745 1605 2843 (mg.
1632 2769 1721 2828 m,

199 2854 422 2964 superiori
453 2871 495 2934 et
527 2853 710 2940 inferiori
745 2853 895 2939 inflexa
927 2852 1014 2959 est,
1063 2856 1173 2962 saepe
1203 2856 1326 2941 latior
1366 2882 1491 2968 quant
1516 2851 1549 2919 ὓ·
1575 2849 1651 2948 Fls
1677 2870 1724 2950 d·

216 2982 357 3090 longa.
454 2979 589 3066 Perill.
647 2982 833 3069 Hnllerus
885 2979 1063 3086 figuram
1123 2986 1315 3070 venusam
1366 3007 1497 3074 uocat.
1516 2945 1554 3048 t.)

192 3107 347 3198 'certe
381 3133 482 3192 vena
514 3112 602 3216 cll,
648 3135 750 3220 quae
775 3133 913 3196 aream
948 3107 1193 3194 tasculosam
1229 3115 1425 3198 terminat
1454 3134 1500 3202 et

214 3237 401 3343 definit,
452 3239 620 3349 ideoque
652 3238 879 3326 terminals
908 3263 988 3322 non
1021 3242 1249 3349 improprie
1276 3243 1356 3326 dci
1391 3242 1497 3353 posse

212 3372 396 3455 videtur.
495 3355 693 3482 Quisnam
725 3374 811 3454 eius
845 3366 1127 3470 nunctum,
1179 3393 1281 3476 quae
1312 3370 1498 3475 radices,

209 3497 290 3583 seu
325 3499 461 3600 rami,
493 3497 663 3586 difficile
696 3500 750 3586 est
782 3499 905 3588 didu.
981 3495 1119 3582 Plures
1149 3497 1342 3604 assrgnare
1374 3518 1496 3582 trun·

183 3615 295 3711 'cos
328 3627 607 3712 non-difficile
640 3630 841 3740 quidem,
873 3623 935 3711 sed
964 3626 1136 3708 mimm.
1238 3625 1494 3736 Malpighius

210 3740 395 3840 uidetur
429 3755 627 3859 voluisse,
673 3758 783 3867 qnod
817 3779 914 3840 vena
946 3753 1176 3839 adscendens
1209 3751 1279 3851 ille
1330 3773 1496 3839 truncus

206 3882 310 3988 stt,
358 3887 401 3966 in
451 3909 577 3994 quem
604 3909 657 3969 ex
689 3907 773 3972 tota
810 3879 1037 3996 peripheria
1071 3883 1227 3989 sanguis
1256 3882 1492 3972 effundatur.

206 4012 498 4122 Praecipuum
527 4015 634 4121 effe,
664 4035 708 4102 et
740 4013 1046 4126 primitiuum,
1077 4013 1284 4117 concedo,
1315 4015 1376 4098 sed
1409 4035 1493 4096 nnn

203 4142 427 4248 snicum3
479 4168 604 4228 venae
649 4145 759 4228 euim
794 4140 975 4226 laterales
1010 4137 1236 4226 uitellariae
1262 4158 1306 4227 et
1337 4142 1493 4228 descen·

183 4273 319 4358 -dens
377 4297 501 4384 aeque
547 4300 594 4358 ac
638 4270 870 4362 adscendens
915 4266 1011 4353 hnic
1063 4268 1339 4380 periphaeriae
1390 4269 1494 4353 inse·

201 4419 384 4506 runtur.
482 4397 656 4492 viderur
711 4421 850 4495 autem
899 4421 954 4482 ex
990 4383 1171 4508 partibas
1199 4423 1346 4504 areae,
1373 4419 1495 4508 quae
1581 4490 1591 4516 ,ἡ

203 4530 345 4617 renis
375 4528 607 4646 lateralibus
638 4550 681 4630 et
711 4554 838 4624 uenae
867 4525 1150 4652 adstendenti,
1183 4552 1254 4616 nec
1272 4551 1365 4654 'non
1384 4551 1496 4638 ⁴qum

866 4653 1059 4771 Ggga
1414 4653 1498 4740 dm
1593 4751 1596 4755 7
