4600 5875
818 719 913 802 ιη.
1119 655 1220 780 uu
1278 677 1775 794 uorautoun

813 921 952 1048 ditatis
999 916 1051 1110 sip
1102 913 1404 1028 immutabilis,
1435 945 1486 1006 an
1520 943 1622 1022 uero
1658 917 1844 1034 cuipiam
1873 915 2089 1006 mutationi

814 1051 1044 1140 subiretur.

969 1217 1088 1307 HOC
1120 1218 1251 1330 igitur
1286 1219 1499 1326 negotium
1538 1215 1858 1330 pertradlaturus
1886 1211 2085 1330 imprimis

816 1373 987 1465 operam
1018 1349 1150 1456 dabo,
1185 1367 1233 1431 ut
1262 1347 1406 1442 omnia
1441 1365 1652 1462 momenta
1682 1393 1704 1456 ,a
1750 1349 1897 1459 quibus
1924 1335 2085 1429 ieuoltu

820 1484 881 1568 tio
912 1477 1006 1566 solis
1035 1481 1137 1563 eirca
1173 1485 1546 1591 proprium-axem
1597 1479 1863 1583 continetur,
1905 1477 1965 1561 ita
2011 1475 2084 1560 cla·

819 1635 866 1696 re
898 1628 940 1694 et
970 1607 1148 1695 dilucide
1176 1632 1443 1720 exponam,
1468 1623 1517 1704 ut
1550 1633 1632 1698 nou
1662 1607 1800 1692 solum
1828 1608 1969 1691 omnia
2012 1603 2083 1690 une

623 1741 627 1749 ’
736 1849 742 1854 .
822 1759 887 1825 tot
919 1737 1126 1827 linearum
1160 1737 1205 1821 in
1238 1734 1383 1844 figuris
1413 1720 1600 1821 exhiberi
1647 1735 1858 1822 solitarum
1908 1733 2080 1845 comple-

820 1871 944 1956 xione
992 1866 1204 1974 intelligi,
1254 1868 1318 1952 sed
1368 1866 1497 1952 etiam
1551 1867 1763 1958 uniuersus
1794 1861 1972 1952 calculus
2005 1861 2082 1950 satis

821 2001 1041 2084 commode
1074 1999 1123 2086 ad
1158 1992 1284 2078 finem
1322 1997 1491 2106 perduci
1522 2013 1655 2110 queat.
1789 2015 1792 2022 ’

823 2264 829 2278 ,
975 2171 1146 2260 ANTE
1179 2171 1322 2256 omnia
1356 2191 1497 2260 autem
1533 2167 1600 2256 hic
1619 2195 1784 2256 monere
1805 2166 1950 2276 debeo,
1981 2169 2080 2258 istaut

821 2304 1110 2412 quaestionem,
1128 2325 1212 2416 non
1248 2309 1335 2384 tam
1351 2290 1355 2297 ’
1369 2303 1473 2422 circa
1509 2322 1677 2388 motum
1708 2299 1834 2412 ipfius
1866 2299 1959 2386 solis
1997 2319 2080 2384 uer·

821 2431 933 2540 sari,
984 2455 1111 2549 quam
1160 2429 1266 2511 eirca
1304 2443 1522 2549 motum,
1571 2455 1656 2542 quo
1707 2428 1893 2519 maculae
1933 2427 2011 2512 fiue
2042 2427 2079 2512 in

810 2562 913 2668 ¹eius
947 2559 1185 2674 superficie,
1216 2553 1374 2643 uueu'n
1405 2557 1689 2672 atmosphaera
1711 2560 2078 2664 eircumbruntur,

718 2724 721 2734 ·
825 2683 903 2776 nin
935 2686 1067 2796 igitur
1099 2673 1443 2776 aliunde‘constet
1474 2685 1652 2780 maculas
1683 2689 1846 2802 abipso
1879 2689 1970 2774 solis
2003 2714 2078 2771 mo-

824 2836 871 2902 tu
906 2818 1071 2931 abripi,
1122 2820 1231 2930 quod
1266 2815 1434 2928 quidem
1468 2819 1522 2903 est
1554 2816 1950 2914 verisimillimum,
1997 2816 2078 2900 hinr

816 2946 931 3037 nihil
963 2953 1013 3038 de
1039 2973 1148 3037 ¹uero
1182 2967 1299 3067 motu
1331 2950 1514 3062 corporis
1541 2952 1686 3071 'solaris
1716 2948 1905 3039 concludi
1939 2948 2028 3036 licet
2065 2944 2069 2951 ’

823 3118 843 3140 ”
959 3120 1218 3213 'DEINDE
1269 3125 1393 3208 etiam
1444 3124 1550 3207 inter
1594 3124 1859 3211 Astronomos
1893 3123 2078 3213 nonsatis

821 3240 988 3377 eonfiat,
1008 3272 1155 3356 rtrum
1178 3252 1359 3340 maculae
1376 3250 1451 3361 ipfi
1470 3252 1564 3338 solis
1598 3252 1819 3363 luperfiriei
1839 3252 2077 3356 adhaereant,

756 3489 761 3494 ι
824 3405 875 3465 an
926 3407 1028 3468 uero
1056 3386 1273 3495 'quopiam
1327 3382 1547 3469 interuallo
1608 3370 1716 3469 inde¹
1764 3382 1842 3468 fint
1907 3373 2077 3469 diffitael

734 3573 741 3581 .
825 3507 962 3622 Quam
996 3511 1170 3597 obrem
1204 3509 1489 3619 methodum,
1539 3536 1664 3624 quam
1696 3514 1785 3597 sum
1839 3512 2074 3613 traditurus,

826 3640 885 3725 ita
916 3642 1161 3746 instituam,
1209 3642 1260 3728 'ut
1287 3667 1345 3729 ex
1374 3666 1421 3725 ea
1454 3644 1617 3753 quoque
1650 3639 1745 3731 haec
1777 3641 1954 3755 quaestio
1984 3638 2075 3726 deci·

825 3770 866 3855 di
904 3770 1041 3881 poss‘rt3
1073 3788 1249 3884 quatuor
1285 3766 1443 3861 adhoc
1475 3790 1635 3859 tantum
1669 3794 1772 3885 opus
1803 3774 1883 3859 erit
1913 3771 2075 3857 eiusdem

824 3897 1011 3985 maculae
1042 3902 1397 4007 obseruationibus,
1415 3898 1784 4011 cumalioquin,fi
1820 3894 2075 4009 maculaeipsr
2170 3916 2179 3924 ·

826 4028 1053 4138 superficiei
1082 4030 1176 4117 solis
1209 4029 1465 4118 adhaerentes
1493 4028 1825 4143 assumerentur,
1876 4048 1958 4114 tres
2008 4026 2076 4113 suf·

819 4156 1026 4246 'ficerenta
1458 4165 1467 4173 '
1782 4168 1788 4177 '

981 4316 1061 4403 vr
1094 4314 1225 4424 igitur
1258 4318 1420 4426 omna,
1448 4340 1549 4428 quae
1580 4278 1661 4401 luc
1695 4320 1921 4431 pertinent,
1952 4312 2076 4399 arnen-

828 4444 892 4529 die
928 4472 1190 4557 proponam,
1238 4473 1285 4530 ea
1318 4473 1419 4555 quae
1450 4446 1741 4532 obseruationes
1775 4448 1885 4533 nobis
1942 4444 2078 4527 immu-

825 4576 934 4663 diate
965 4579 1240 4694 suppeditant,
1267 4582 1391 4695 probe
1422 4578 1516 4663 sunt
1546 4576 1797 4696 discernenda
1827 4570 2080 4785 aconclupo-
2204 4622 2205 4671 3

1819 4740 1823 4745 ¹
1962 4708 1998 4786 ni
2024 4720 2086 4802 us,
2203 4750 2205 4785 a
