4600 5875
807 661 913 771 'uo
1122 657 1226 756 uu
1291 627 1780 750 uoruuronu

819 907 908 993 eius
950 896 1062 986 locus
1111 893 1154 982 in
1206 872 1288 1006 ipit
1322 861 1548 1004 ¹superficie
1592 878 1707 970 solia'
1733 873 1935 989 sphaerica
1964 861 1992 985 ,7
2024 874 2083 964 seu
2193 945 2194 954 ,

822 1024 1178 1144 sphaeramalore
1209 1023 1247 1111 el
1279 1020 1532 1108 concentrica
1565 1011 1865 1118 lnuelligatur‚
1916 1003 1948 1089 fi
1998 1008 2083 1116 qui·

765 1251 769 1268 ,
822 1167 917 1248 dem
968 1151 1150 1246 maculae
1200 1154 1244 1238 in
1296 1150 1377 1270 ipsa
1418 1139 1629 1264 superficie
1660 1138 1779 1228 solari
1812 1133 1977 1224 haerere
2011 1161 2081 1222 non

646 1402 654 1410 ,
791 1296 1062 1390 ,censeantur
1414 1315 1418 1326 ’

975 1457 1068 1544 Hoc
1100 1453 1240 1543 autern
1274 1454 1363 1541 ¹casu
1395 1448 1573 1541 calculus
1601 1475 1682 1538 non
1715 1446 1854 1536 multo
1885 1443 2084 1536 difficilior

827 1588 976 1676 euadet.
1036 1588 1150 1676 Loco
1197 1583 1304 1672 Solis
1352 1581 1753 1668 enim¹substituatur
1787 1597 1922 1662 mente
1955 1579 2086 1686 globus

828 1722 1123 1828 maioresque
1156 1715 1204 1799 ad
1236 1716 1447 1821 regionem
1484 1711 1741 1798 macularum
1775 1709 1986 1816 extensus,
2017 1733 2084 1793 rn-

826 1847 875 1930 de
905 1844 1014 1932 aliud
1045 1848 1259 1934 discrimen
1293 1845 1336 1927 in
1368 1839 1526 1931 calculo
1569 1865 1651 1928 non
1703 1837 1974 1945 redundabit,
2017 1835 2082 1922 nih

682 2011 690 2026 ·
830 1964 940 2086 quod
971 1978 1099 2061 discus
1130 1971 1237 2064 Solis
1269 1975 1435 2082 maior,
1467 1995 1590 2084 quarn
1621 1975 1762 2056 re'uera
1793 1984 1992 2080 apparet,
2035 1969 2084 2050 as·

829 2100 1313 2214 sumi.debeat;1ficque
1346 2106 1389 2186 in
1420 2102 1552 2210 figura
1584 2102 1831 2186 diametrum
1866 2096 1960 2182 disci
2011 2093 2083 2183 AB

830 2232 1087 2344 aliquantum
1119 2235 1294 2340 augeri,
1323 2233 1371 2316 ad
1401 2257 1579 2342 eumque
1611 2230 1816 2315 distantiae
1846 2223 1942 2313 CM
1974 2229 2084 2312 tatio

819 2382 929 2454 ¹nem
963 2363 1140 2472 indagari
1175 2363 1417 2466 conueniet;
1465 2362 1879 2472 quodaugmentum
1919 2354 1991 2440 etsi
2039 2355 2084 2439 est

833 2490 966 2577 adhuc
1017 2498 1243 2604 ignotum,
1293 2510 1428 2574 tamen
1480 2493 1683 2602 quantitas
1729 2486 1936 2592 incognita
1975 2483 2024 2572 ob
2049 2483 2081 2566 id

835 2619 1064 2710 introducta
1096 2616 1304 2706 calculum
1337 2642 1420 2738 non
1453 2619 1676 2706 admodum
1710 2616 1897 2702 turbabit.

991 2805 1169 2892 Interim
1203 2822 1341 2890 tamen
1375 2821 1513 2894 totum
1548 2805 1762 2914 negotium
1814 2803 1974 2916 aliquot
2019 2798 2083 2908 hy·

838 2931 1069 3048 pothesrbue
1097 2933 1206 3018 circu
1239 2931 1467 3019 distantiam
1500 2939 1758 3023 macularum
1809 2962 1831 3021 a
1882 2931 1978 3019 Sole
2020 2930 2085 3015 fiu-

837 3065 978 3175 geudit
1011 3062 1283 3178 promtiffrme
1311 3065 1571 3174 absumetur,
1617 3068 1718 3151 dum
1750 3062 1909 3175 aliquot
1941 3060 2083 3149 calculit

837 3194 1039 3283 subdudlis
1071 3189 1186 3314 facile
1218 3190 1461 3300 colligetur,
1493 3219 1691 3307 quaenam
1726 3191 1965 3305 hypothesis
1991 3193 2084 3302 opti-

839 3347 910 3409 me
956 3323 1091 3409 secum
1139 3323 1357 3428 consistat,
1406 3340 1524 3435 atque
1578 3324 1626 3408 ad
1663 3322 1880 3408 ueritatem
1914 3327 2084 3433 proxime

707 3510 710 3525 ι
841 3452 1028 3561 accedat,
1058 3477 1113 3538 ex
1140 3449 1357 3549 collatione
1389 3472 1527 3556 autem
1556 3477 1781 3559 errorum,
1832 3452 1977 3562 quibua
2004 3451 2086 3537 forte

840 3577 1018 3689 fingulae
1050 3582 1277 3697 inquinatae
1309 3581 1693 3697 deprehendentur,
1735 3584 1883 3670 ueritas
1915 3581 2086 3669 facillime

835 3709 1041 3802 elicietur.

653 3890 745 3971 Tala.
757 3899 818 3969 lv.
981 3868 1207 3960 DESIGN
1212 3872 1289 3957 ET
1305 3896 1403 3982 ergo
1421 3872 1597 3961 circulus
1615 3870 1798 3963 CDGH
1816 3875 1985 3985 globum
2002 3869 2089 3959 Solis

672 3992 1171 4097 Flauianarum
1206 4001 1271 4087 uel
1304 4002 1474 4089 audium
1508 4032 1553 4091 ea
1585 4010 1774 4115 ratione,
1821 4031 1903 4115 qua
1935 4002 2090 4093 maculas

846 4131 894 4215 ab
926 4129 1013 4213 eius
1045 4128 1253 4238 superficie
1300 4132 1442 4219 dillnre
1487 4126 1767 4246 suspicamur3
1821 4154 1926 4219 terra
1970 4154 2089 4219 autem

847 4257 900 4342 fit
945 4260 988 4341 in
1040 4259 1104 4360 T,
1154 4268 1260 4349 unde
1308 4262 1442 4349 dudiie
1489 4282 1581 4346 turn
1614 4266 1663 4347 ad
1698 4286 1884 4351 centrum
1920 4259 2089 4359 Solito,

810 4408 942 4492 ¹turn
993 4388 1040 4473 ad
1092 4388 1326 4475 conradum
1362 4390 1408 4481 D
1439 4394 1558 4477 restis
1591 4392 1678 4475 TO
1709 4394 1900 4501 etTD,
1938 4390 2091 4498 angulus

844 4514 990 4609 orl)
1037 4514 1242 4609 exhibebit
1288 4520 1640 4607 semidiametrum
1693 4525 1787 4611 disci
1850 4523 2092 4637 apparentis,

1984 4670 2092 4761 quem
