4600 5875
520 782 523 793 Ι
727 661 788 738 aa
840 593 869 690 3
1149 629 1577 760 uslolsu·
1659 789 1661 800 1
1739 665 1776 680 ··

644 890 646 893 ’
734 863 882 994 quam'
912 891 1042 964 certae
1089 871 1292 988 quaedam
1341 871 1567 961 functiones
1614 871 1738 987 ipsius
1771 899 1808 959 m
1840 871 2011 990 spcst'ari

591 1068 598 1080 ·
735 1028 914 1123 queant:
946 1007 1104 1092 dudum
1136 1015 1272 1100 tanen
1303 1004 1350 1091 ab
1371 1003 1610 1092 'acutissimo
1643 1002 1866 1094 Geometta
1895 1005 2011 1094 ctat·

735 1157 829 1226 aaut
862 1140 907 1229 in
940 1135 1261 1224 Commentariis
1293 1137 1487 1224 Academ.
1520 1133 1717 1230 Parilinae
1751 1136 1828 1220 suit
1876 1139 2011 1224 osten·

733 1271 862 1372 sum,
908 1285 1010 1374 eam
1053 1268 1293 1376 neutiquam
1344 1263 1598 1350 necessariam
1638 1266 1714 1350 esse
1749 1287 1914 1361 naturae
1946 1266 2012 1351 le*

672 1382 678 1396 ’
730 1423 866 1508 gem,
897 1395 962 1478 sed
994 1396 1229 1481 innumeras
1261 1397 1347 1480 dari
1380 1395 1506 1502 alias,
1541 1419 1643 1505 quae
1676 1394 1826 1508 pariter
1859 1399 1903 1483 in
1937 1423 2010 1484 na‘·

732 1551 830 1616 tura
862 1523 1000 1610 locum
1034 1522 1177 1612 habere
1210 1526 1318 1636 posse
1351 1525 1580 1630 uideantur.
1680 1527 1843 1611 Harum
1877 1529 2011 1638 igitur

734 1653 1030 1768 hypothesium
1064 1656 1245 1766 potiores
1277 1655 1432 1765 aliquot
1465 1657 1508 1739 in
1541 1653 1616 1738 hat:
1644 1655 1914 1745 dissertatione
1937 1656 2009 1744 lli.

724 1785 902 1875 saierus
934 1785 1178 1871 accuratiori
1211 1782 1374 1872 subiecit
1404 1785 1620 1889 examini,
1666 1808 1890 1897 earumque
1936 1790 2010 1873 de·

733 1915 952 2002 monstrata
982 1901 1272 2024 possibilitate,
1311 1939 1510 2026 quaenam
1540 1935 1685 1996 earum
1720 1915 2010 2028 phaenomenis

653 2065 660 2078 ·
734 2046 920 2133 maxime
948 2048 1190 2146 satisfaciat,
1221 2044 1477 2153 disquisruit,
1510 2065 1610 2154 quae
1644 2068 1724 2128 una
1754 2047 1810 2138 eil
1839 2047 1884 2129 in
1922 2064 2009 2133 tam

732 2173 939 2264 recondita
970 2176 1198 2284 quaestione
1229 2173 1277 2258 ad
1336 2174 1554 2258 ueritatem
1604 2177 1868 2281 perueniendi
1917 2201 2012 2262 me·

733 2299 892 2392 rhodus.
991 2299 1190 2412 Inprimis
1239 2326 1340 2386 uero
1392 2325 1445 2385 ex
1490 2299 1740 2408 diligentiori
1793 2306 1836 2390 in
1894 2306 2010 2394 oculi

731 2431 979 2520 uruuuram
1014 2422 1205 2540 indagine
1235 2427 1522 2516 firmissimum
1573 2429 1622 2514 de
1669 2429 1818 2527 harum
1869 2430 2009 2548 hypo·

732 2559 913 2649 thesium
948 2560 1085 2671 pretio
1116 2559 1319 2647 iudicandi
1370 2570 1659 2667 argumentum
1710 2559 1796 2647 Cel.
1849 2564 2010 2653 Auctor

733 2685 994 2802 depromsit,
1043 2689 1148 2800 quae
1196 2711 1295 2772 cum
1347 2688 1684 2780 absolutissimum
1733 2713 1836 2804 opus
1884 2693 2016 2782 litet
2118 2735 2124 2741 ·
2191 2693 2196 2702 ’

731 2819 849 2907 omni
884 2817 1067 2903 humana
1099 2835 1186 2902 arte
1218 2818 1463 2924 sublimius,
1495 2839 1756 2930 quaecunque
1789 2825 1877 2906 eius
1925 2824 2041 2933 legs·

636 2965 640 2973 '
730 2952 1045 3053 contrariatur,
1086 2943 1336 3071 resradlionis
1367 2946 1526 3033 theoria
1559 2946 1713 3033 merito
1744 2969 1831 3037 erat
1859 2950 2009 3066 explo·
2137 2950 2145 2963 ’

732 3079 867 3167 denda.
966 3070 1151 3163 Stabilita
1204 3078 1335 3182 igitur
1388 3099 1484 3161 uera
1516 3077 1764 3165 refratlitinis
1796 3082 2008 3169 radiorum

671 3220 676 3239 ¹
730 3202 1068 3297 diuersicolorum
1102 3199 1193 3310 lege
1225 3202 1294 3291 111.
1338 3206 1498 3291 nudior
1548 3204 1724 3292 tabulam
1773 3212 2008 3322 subiungit,

731 3338 775 3424 in
809 3358 888 3447 qua
922 3356 1000 3443 pro
1030 3328 1201 3439 singulis
1233 3334 1534 3447 refradlionibus
1566 3338 1712 3424 mediis
1753 3342 2009 3429 retractiones

702 3482 942 3549 extremae
973 3479 1299 3573 computantur,
1349 3460 1618 3550 linimirum
1655 3466 1757 3552 radii
1807 3493 1861 3555 ex
1911 3477 2009 3559 aire

732 3591 776 3677 in
805 3593 929 3677 aliud·
951 3592 1219 3701 quodcunque
1251 3593 1437 3679 medium
1458 3590 1647 3678 atransrte
1696 3598 2006 3710 supponantur,

595 3704 619 3833 ',
730 3722 837 3807 unde
876 3718 986 3809 facili
1022 3722 1190 3827 negotio
1235 3722 1423 3809 retractio
1471 3725 1688 3810 radiorum
1708 3726 1713 3737 '
1736 3728 2009 3818 diuerstcolo-

729 3876 826 3937 rum
858 3874 912 3937 ex
944 3872 1187 3963 quocunque
1222 3852 1360 3938 medio
1393 3853 1438 3935 iu
1457 3855 1737 3967 quodcunque
1763 3856 1874 3945 aliud
1894 3880 2007 3947 tran·

729 3980 935 4066 seuntium
967 3976 1193 4081 definitur,
1222 3978 1253 4063 ti
1285 3984 1411 4069 modo
1444 3975 1633 4071 relradtio
1663 3975 1794 4073 media
1826 4012 1880 4075 ex
1911 3995 2006 4077 a'e‘te

718 4108 772 4233 ‘ln
803 4106 963 4215 lingula
995 4107 1066 4193 illa
1099 4107 1232 4195 media
1265 4110 1389 4197 fuerit
1420 4115 1597 4219 cognita.
1897 4108 1900 4115 ’

878 4237 1033 4354 Quanti
1083 4256 1186 4323 tero
1236 4233 1360 4323 huius
1409 4238 1508 4351 legis
1536 4242 1688 4331 exaua
1717 4244 2007 4339 determinatio

728 4366 823 4451 rsus
854 4364 941 4471 sit,
979 4390 1032 4449 ex
1064 4390 1117 4451 eo
1147 4365 1264 4454 facile
1295 4368 1544 4479 colligitur,
1592 4372 1700 4484 quod
1728 4372 1901 4463 lentium
1931 4380 2006 4465 ob·

726 4494 1066 4588 imitaremur
1098 4494 1253 4614 duplici
1284 4502 1458 4589 materia
1501 4502 1711 4619 pellucida
1757 4506 2004 4621 composita·

744 4680 748 4687 ’
1261 4682 1266 4692 ¹
1316 4672 1333 4683 ’·
1382 4677 1389 4689 ·
1903 4658 2001 4725 rum
