4600 5875
474 647 544 741 m
584 647 744 740 nuru
786 617 1254 746 enumerantur(
1411 663 1469 762 91

223 899 340 994 atque
372 885 467 967 adeo
497 896 680 985 ιιι-52,
711 897 822 964 totus
852 897 990 966 autem
1028 881 1227 968 foliorum
1277 909 1475 971 uumerus
1547 885 1553 896 '

105 1093 106 1102 ,
222 1015 298 1096 erit
338 1037 449 1115 1043
479 1011 582 1096 sorte
615 1014 845 1096 auferantur
879 1009 1070 1094 tredecim
1109 1016 1237 1117 lolia,
1288 1007 1475 1099 remane'»

219 1142 315 1224 hunt
349 1141 389 1221 in
425 1137 640 1247 manipulo
671 1165 726 1240 91
765 1138 860 1238 solia
893 1139 1023 1249 srcque
1055 1139 1133 1223 erit
1167 1167 1254 1226 r:
1264 1169 1319 1242 91
1349 1171 1475 1248 ,um-

182 1253 661 1394 ·de·x:2'⁵s‘,‘,]''-;·¹-³:
684 1280 845 1388 393323
904 1284 1032 1390 igitur
1066 1283 1111 1367 ab
1144 1284 1265 1368 initio
1298 1305 1360 1370 tot
1392 1279 1474 1366 fere

213 1414 320 1523 paria
353 1415 613 1498 destruuntur
645 1428 747 1522 quot
777 1409 870 1496 folia
905 1409 1190 1497 extrahuntur.
1280 1411 1324 1498 Si
1371 1433 1473 1496 vero

105 1489 111 1688 l
218 1561 271 1640 52
310 1539 404 1628 folia
436 1537 740 1644 extrahantur,
792 1537 1145 1645 fietx:12,⁹333
1191 1562 1291 1648 ergo
1337 1539 1473 1650 aliqua

105 1705 107 1778 ,
209 1693 303 1760 cum
338 1672 403 1782 spe
436 1668 544 1752 lucri
577 1670 792 1756 certabitur
825 1671 931 1756 iuter
964 1668 1119 1754 residua
1156 1688 1213 1767 52
1249 1668 1367 1758 folia,
1390 1669 1473 1754 mi·

104 1786 107 1890 l
209 1799 393 1888 nimum·
416 1825 471 1880 12
510 1793 619 1908 paria
653 1801 761 1900 fore,
790 1815 991 1888 certamen
1024 1818 1164 1882 autem
1195 1822 1273 1914 pro
1309 1819 1360 1893 ru
1400 1822 1473 1906 pa·

104 1905 107 1966 Ι
207 1927 320 2014 tibus
351 1924 480 2012 lusori·
503 1929 606 2044 foret
638 1925 942 2037 aliquantulum
974 1928 1227 2014 damnosum.
1309 1929 1472 2035 Verum

104 2077 107 2170 l
202 2053 322 2140 hisce
352 2053 693 2165 disquifitionibus
725 2053 882 2138 diutius
914 2079 996 2138 non
1015 2052 1290 2156 immorabor,
1323 2072 1474 2141 necta·
1546 2109 1557 2128 .

104 2171 106 2310 ξ
207 2208 307 2268 men
358 2182 603 2268 solutionem
651 2179 913 2292 problematis
972 2181 1210 2285 directam,
1269 2197 1473 2298 utcunque

104 2327 107 2420 l
204 2313 403 2416 obuiam,
435 2306 837 2421 praeterireuolui3
868 2309 1048 2392 nimium
1082 2328 1192 2392 certe
1224 2308 1335 2393 hisce
1369 2330 1473 2397 tem-

104 2509 106 2576 ,
205 2439 370 2551 poribus
403 2437 694 2524 nobilissimum
727 2439 825 2522 artis
871 2436 1118 2520 coniectandi
1171 2437 1351 2524 studium
1400 2463 1476 2526 ne·

104 2581 106 2676 l
202 2568 379 2678 gligitur
412 2588 482 2652 aut
517 2566 821 2677 vilipenditur,
870 2567 980 2675 quod
1013 2561 1215 2673 plurimas
1270 2567 1473 2678 quaestio·
1593 2589 1598 2594 ·

104 2685 107 2810 l
201 2722 268 2782 nes
302 2698 387 2786 hue
420 2696 592 2796 morales
607 2693 707 2786 hue
739 2693 924 2808 politicas
957 2691 1187 2799 dirimere,
1230 2699 1472 2782 maximum

103 2811 106 2884 l
200 2825 428 2914 actionibus
478 2824 670 2934 humanis
719 2822 991 2914 commodum
1050 2822 1264 2908 conciliare
1328 2849 1471 2940 easque

117 2992 122 3002 ·
201 2970 301 3043 c'um
338 2956 551 3065 prudentia
583 2953 758 3059 dirigere
789 2954 919 3062 docet.
1005 2946 1072 3035 Ad
1103 2950 1200 3039 alias
1229 2975 1337 3033 nunc
1370 2980 1471 3063 prn-

203 3085 365 3194 gradior
397 3078 764 3189 animaduerfiones
798 3079 981 3169 instituto
1012 3101 1106 3167 meo
1137 3079 1333 3193 praesenti
1381 3107 1474 3203 ma·¹

205 3216 263 3329 gis
294 3204 629 3299 accommodatas}

350 3478 383 3577 §.
421 3491 462 3571 5.
512 3472 624 3560 Cum
675 3462 880 3557 schedulae
915 3456 1115 3562 uniformi
1147 3471 1381 3559 succeffioue
1412 3499 1466 3567 ex

204 3630 304 3691 vma
351 3600 663 3706 extrahuntur,
713 3600 853 3685 sensim
904 3600 1153 3688 diminuitur
1205 3626 1400 3688 uumerus
1441 3630 1467 3697 r

204 3734 318 3818 instar
348 3734 585 3845 quantitatis
624 3729 795 3817 alicuius
845 3726 1041 3833 fluentis,
1092 3753 1161 3815 nec
1209 3749 1346 3832 tamen
1394 3730 1465 3817 iiia

205 3862 398 3949 fluxioris
429 3862 511 3944 idea
563 3860 734 3970 perfecte
783 3856 977 3968 quadrare
1025 3856 1106 3947 dici
1160 3860 1319 3967 potest,
1368 3862 1464 3971 quia

127 4072 134 4093 ,
205 3993 453 4095 decrementa
503 3986 782 4073 schedularum
815 3985 857 4073 iu
892 4009 995 4069 urna
1026 3972 1284 4101 superstitum
1320 4012 1465 4097 proce·

111 4223 116 4234 ⁶
205 4120 300 4205 dunt
351 4144 424 4231 per
474 4114 593 4201 saltus
645 4143 666 4199 a
714 4136 888 4203 numero
940 4116 1102 4219 integro
1151 4116 1197 4197 ad
1237 4140 1462 4206 numerum

208 4252 356 4342 unitate
391 4247 628 4349 minorem,
676 4243 849 4353 adeoque
879 4242 910 4326 st
945 4242 1089 4327 relatio
1120 4243 1226 4325 iuter
1267 4225 1467 4343 abscissam

207 4398 295 4463 ret
325 4373 572 4487 applicatam
605 4398 633 4456 x
665 4374 951 4475 construatur,
1000 4374 1077 4469 erit
1104 4370 1314 4494 'relationis
1363 4376 1463 4473 scala

127 4576 133 4585 .
207 4502 485 4625 polygonum,
518 4530 599 4593 nou
620 4517 792 4607 curua,¹
811 4502 1053 4614 perspicitur
1083 4507 1247 4611 autem,
1282 4498 1463 4613 polygo-

816 4630 926 4726 Mt
1215 4621 1225 4647 ‘
1360 4652 1463 4726 uum
