4600 5875
662 666 690 720 «.
799 641 855 718 ao
1005 577 1823 712 oucournnam'oua
1954 565 1967 570 ’

791 877 862 936 re:
894 874 970 962 pro
1002 848 1192 958 integrali
1223 851 1336 934 enim
1366 846 1749 969 completa.sufficit
1780 860 1929 934 rttna
1948 865 2052 934 con·

791 980 891 1065 stans
923 981 1127 1074 arbitraria
1160 980 1455 1066 imroducatur.

1246 1228 1601 1352 Schofion.

944 1425 967 1510 ς
978 1425 1019 1510 5.
1050 1403 1093 1496 Si
1124 1438 1163 1496 m
1195 1429 1237 1494 et
1270 1433 1293 1494 a
1330 1407 1409 1494 fint
1454 1407 1619 1492 numeri
1669 1406 1828 1492 modice
1875 1397 2057 1516 magni}
2150 1510 2154 1519 ἱ

793 1561 916 1624 nemo
949 1555 1055 1625 certe
1086 1539 1367 1651 aequationem
1406 1537 1668 1645 algebraicam
1705 1538 1812 1621 inter
1857 1560 1889 1620 x
1936 1550 1977 1619 et
2008 1559 2053 1642 y

790 1665 1003 1751 euolutam
1036 1667 1265 1754 exbibebrtt
1313 1668 1554 1754 cumcuim
1594 1681 1657 1749 tot
1703 1661 2057 1748 eliminationibus

791 1793 843 1878 fit
894 1819 1027 1904 opus,
1059 1798 1334 1902 euidensest,
1365 1794 1423 1881 ‚ad
1453 1793 1731 1904 aequationem
1765 1791 2053 1903 plurimorum

794 1925 1108 2032 terminorum,
1153 1928 1195 2008 in
1242 1949 1320 2034 qua
1360 1922 1568 2008 variabiles
1607 1945 1638 2004 x
1667 1927 1712 2004 et'
1724 1946 1761 2026 y
1791 1920 1841 2005 ad
1871 1921 2054 2005 summas

721 2042 725 2048 ’
755 2154 762 2160 ,
790 2051 1058 2156 dimensiones
1087 2052 1338 2158 exsurgant,
1373 2048 1581 2160 perueniri
1614 2066 1814 2161 oportere.
1911 2053 2055 2162 Atque

791 2179 891 2262 adeo
922 2181 965 2261 in
999 2180 1086 2262 casu
1120 2177 1380 2292 problematis
1412 2203 1456 2279 3.
1489 2177 1558 2262 ubi
1591 2177 1647 2260 est
1677 2203 1815 2261 mza
1849 2194 2052 2287 etazr,

791 2329 915 2390 tremo
956 2304 1071 2390 facile
1121 2307 1414 2390 eliminationis
1461 2329 1566 2414 opus
1613 2303 1806 2412 perficiet.
1902 2306 2053 2417 Neque

789 2457 892 2519 veto
937 2431 1013 2522 boc
1043 2434 1167 2518 etiam
1197 2458 1302 2542 opus
1341 2435 1429 2535 est,
1459 2457 1557 2514 curn
1589 2431 1638 2514 ad
1671 2433 1854 2516 nostrum
1887 2433 2056 2520 institu-

789 2578 886 2644 tum
921 2559 1092 2650 sufficiat
1122 2558 1357 2668 ostendiffe,
1388 2560 1668 2669 aequationem
1700 2559 1939 2669 integralem
1973 2560 2054 2648 effe

790 2685 1088 2797 algebraicam‚
1132 2694 1298 2802 eiusque
1330 2690 1668 2776 construetionem
1701 2690 1947 2793 geometrice
1977 2692 2053 2774 ab·

791 2812 892 2900 solui
926 2821 1066 2928 polse3
1102 2835 1260 2903 tautum
1293 2819 1406 2900 enim
1439 2817 1573 2924 abest,
1612 2832 1661 2898 ut
1692 2813 1842 2902 alienae
1872 2815 2052 2903 variabi-

791 2941 848 3027 les
879 2968 920 3057 q,
953 2976 993 3057 ν,
1023 2976 1045 3035 s
1074 2966 1147 3035 ete.
1177 2971 1280 3060 quae
1312 2948 1354 3029 in
1382 2943 1601 3031 subfidium
1635 2948 1935 3057 suntuocatae,
1967 2948 2055 3035 cal·
2184 2949 2192 2962 ”

791 3070 935 3159 culum
970 3080 1163 3179 turbent,
1212 3076 1381 3187 ideoque
1412 3070 1617 3155 eliminari
1649 3072 1845 3179 debeant,
1892 3092 1942 3163 vt
1965 3102 2052 3187 ,po-

684 3306 689 3317 ·
792 3202 876 3284 tius
907 3202 955 3283 ad
987 3200 1324 3287 construetiouem
1356 3202 1570 3285 commode
1599 3198 1882 3287 instituendam
1939 3204 2052 3287 abso·

790 3326 879 3409 lute
912 3324 990 3411 srnt
1021 3330 1264 3414 necessariae.
1337 3329 1476 3437 Atque
1509 3327 1605 3419 haec
1633 3328 1725 3412 suut
1756 3331 1834 3414 fere
1863 3353 1965 3441 quae
1995 3331 2054 3416 de

791 3450 963 3561 curuis,
995 3466 1171 3566 quarum
1202 3452 1436 3542 ret'tificatio
1466 3453 1539 3548 hac
1569 3456 1795 3602 formulutt
1930 3470 1936 3483 '

1135 3598 1218 3657 aaz
1787 3605 1789 3616 '

965 3627 1677 3754 suessa-amatre&

785 3798 1073 3909 exprimitur,
1124 3803 1227 3884 tradi
1261 3828 1406 3909 operae
1437 3811 1620 3918 pretium
1653 3810 1895 3917 uidebatur,
1945 3836 2052 3924 quae

790 3950 841 4009 eo
874 3926 1074 4024 redeunt,
1124 3946 1345 4012 uteorum
1376 3941 1627 4019 urcusinter
1661 3941 1697 4023 se
1730 3942 1893 4053 perinde
1925 3962 2049 4052 atque

789 4076 907 4137 arcus
937 4052 1148 4154 circulares
1183 4061 1410 4168 comparari
1444 4082 1621 4173 queant3
1664 4066 1859 4180 srquidem
1893 4095 2050 4181 propo·

791 4177 869 4261 fito
918 4202 1010 4269 arcu
1060 4205 1302 4299 quocunque
1353 4187 1464 4292 AB,
1503 4190 1712 4303 a'puniio
1743 4200 1837 4283 dato
1868 4196 1900 4280 P
1929 4220 2065 4282 arcus„

790 4304 957 4390 abscindi
991 4306 1180 4419 poliunt,
1212 4314 1283 4417 qui
1316 4319 1365 4407 ad
1397 4315 1521 4402 illum
1554 4323 1755 4407 rationem
1787 4342 1945 4408 teneant
1976 4348 2050 4408 ra·

792 4429 986 4531 tiouulem
1019 4458 1313 4555 quamcunque.
1348 4530 1351 4535 ,
1408 4443 1717 4539 Confideremus
1740 4454 1879 4563 *igitur
1914 4434 2046 4535 'etiam
2194 4430 2200 4448 ⁸

1883 4601 2042 4685 ctrruae,
