4600 5875
419 640 518 775 De*
531 601 1398 776 constantiani-‘tinniit
1462 710 1523 792 ιι

264 913 366 999 mili
401 904 527 1002 modo
554 891 628 999 lll.
659 898 807 1000 Comes
819 913 1051 1042 Fagnanus
1085 908 1191 1002 circa
1224 937 1339 998 arcus
1378 911 1537 1029 ellipti·

248 1051 335 1126 eos
366 1064 409 1127 et
439 1040 724 1160 hyperbolicos
755 1026 922 1135 summo
965 1046 1160 1128 acumine
1209 1046 1441 1152 praestitit,
1485 1070 1531 1129 ea

256 1175 447 1284 deinceps
480 1195 564 1258 tam
599 1170 714 1257 late
713 1193 849 1284 patere
881 1173 1211 1277 demonstrari,
1237 1189 1284 1252 vt
1315 1176 1404 1282 pari
1445 1177 1533 1260 suc-

255 1297 367 1384 cessu
400 1305 448 1388 ad
478 1323 625 1386 omnes
655 1319 801 1386 curuas
818 1324 1040 1417 ,quarum
1071 1313 1190 1383 arcus
1217 1295 1425 1383 indefinite
1461 1329 1532 1413 pet

261 1443 370 1528 banc
389 1445 609 1532 formulam
624 1445 822 1556 integrale
825 1474 898 1533 m·
915 1448 1100 1564 s--
964 1419 1002 1473 ‘¹²
960 1409 1535 1594 -l--stssffissg-ffssffllssffl

262 1577 561 1684 exprimatur,
590 1579 764 1672 extendi,
785 1596 964 1692 queant.
1012 1578 1164 1668 Sumto
1196 1574 1391 1661 scilicet
1378 1599 1422 1658 ιιι
1455 1573 1530 1660 tali

251 1717 388 1788 cerua
410 1729 516 1788 areu
549 1717 826 1819 quocunque,
853 1705 902 1792 ab
932 1708 1016 1793 alio
1044 1709 1192 1820 quouis
1212 1703 1384 1822 ,puncto
1414 1725 1533 1790 accur

255 1835 428 1920 abscindi
462 1817 649 1946 poterit,
702 1840 775 1959 qui
805 1840 857 1922 ab‘
882 1831 959 1920 illo
989 1859 1086 1922 arcu
1102 1833 1274 1920 'differat
1304 1833 1530 1946 quantitate

255 1964 509 2069 geometrice
554 1962 788 2069 allignabili.
885 1965 1002 2049 Tum
1052 1990 1154 2050 ueto
1198 1965 1323 2048 etiam
1357 1963 1526 2050 abscindi

258 2110 458 2202 poterunt
499 2081 706 2177 eiusmodi
754 2117 904 2198 arcus,
959 2099 1033 2202 qui
1085 2093 1133 2178 ab
1182 2116 1299 2175 arcus
1313 2089 1527 2203 'proposrti

259 2220 426 2329 duplo,
456 2216 620 2328 triplo,
668 2218 740 2305 uel·
768 2221 919 2332 quouis
950 2217 1154 2333 multiplo
1180 2213 1367 2305 differant
1398 2203 1528 2330 quan-

255 2347 377 2430 citare
406 2350 651 2458 geometrice
681 2347 914 2456 affignabili.
975 2347 1249 2465 Quinetiam
1280 2342 1384 2432 illud
1418 2371 1529 2457 pun·

256 2473 411 2582 etum,
462 2481 568 2562 unde
597 2501 714 2561 arcus
745 2477 913 2564 abscindi
948 2493 1141 2623 oportet,
1193 2474 1250 2558 ita
1283 2474 1371 2584 capi
1407 2494 1530 2592 pote-⁶

97 2593 107 2612 ’
260 2601 353 2712 tlt,
387 2623 437 2691 ut
469 2604 569 2691 haec
601 2605 823 2750 did'erentia
856 2604 1016 2722 plane
1004 2606 1048 2692 ni
1081 2597 1266 2750 nihilum
1301 2604 1425 2691 abeat.

278 2917 286 2929 ·
418 2880 461 2967 b.
489 2865 765 2983 Quaecunque
810 2890 909 2979 ergo
956 2867 1062 2957 circa
1110 2889 1226 2953 arcus
1268 2863 1526 3012 parabolicos

261 2995 347 3081 lain
383 2992 487 3080 olim
517 2999 614 3079 sunt
643 2995 857 3107 praestita,
895 2998 1036 3083 eadem
1070 3016 1233 3105 quoque
1265 2995 1305 3077 in
1338 2998 1528 3082 omnibu·

258 3123 432 3229 curuis,
480 3148 656 3238 quarum
688 3124 943 3216 redificatio
973 3123 1023 3208 ad
1052 3122 1166 3205 islam
1200 3121 1427 3207 formulam
1461 3114 1545 3209 in·‘

260 3250 459 3360 tegralem
487 3254 562 3337 est‘
578 3252 861 3356 redudtibilis,
909 3252 998 3363 pari
1033 3246 1200 3336 succeffu
1231 3250 1414 3361 expediri
1449 3276 1529 3365 po·

265 3398 413 3464 terunt.
508 3378 622 3467 Cu'm
656 3383 809 3467 autem'
828 3382 979 3469 Comes
1010 3378 1222 3484 Fagnanus
1253 3372 1301 3462 ad
1335 3374 1406 3462 has
1437 3380 1528 3465 mi·

265 3508 405 3591 rabiles
448 3510 770 3617 comparationes
824 3534 897 3625 per
952 3508 1246 3595 substitutiones
1301 3508 1523 3595 admodum

262 3638 482 3741 molestas,
528 3656 569 3721 et
616 3662 793 3749 quarum
840 3636 949 3723 ratio
1000 3634 1248 3721 inuentionis
1277 3658 1327 3715 ne
1358 3633 1540 3744 quidem'

258 3766 554 3877 perspiciatur,
600 3768 865 3877 peruenerit,
932 3786 1009 3870 ego
1053 3760 1298 3849 methodum
1358 3760 1522 3871 planam

219 3943 221 3946 -
255 3894 445 4002 aperui,
483 3918 583 4005 quae
624 3894 734 4007 quast
767 3900 905 4005 sponte
935 3894 985 3979 ad
1015 3894 1171 3977 easdem
1204 3892 1523 4000 comparationes

256 4022 517 4107 manuducat
581 4018 719 4136 Atque
753 4025 824 4109 ista
858 4022 1076 4107 methodus
1107 4010 1232 4102 etiarn
1267 4016 1406 4103 multo
1428 4018 1526 4102 ube·

258 4150 347 4235 rius
394 4147 474 4236 hoc
524 4154 737 4257 negotium
798 4150 995 4255 conficit,
1061 4146 1171 4259 quod
1230 4145 1523 4253 generalissime
1566 4242 1576 4255 ,

255 4303 399 4364 omnes
429 4286 753 4391 comparationes
786 4282 827 4364 in
859 4281 897 4365 se
928 4275 1255 4388 complestitur3
1295 4274 1523 4385 aequiualet

256 4410 375 4490 enim
407 4412 671 4515 integrationi
700 4408 955 4523 completae,
988 4430 1089 4517 quae
1119 4401 1244 4487 fimul
1276 4406 1522 4491 constantem

258 4535 519 4627 arbitrariam
567 4537 785 4649 inuoluit,
830 4540 934 4624 dum
972 4534 1069 4622 illae
1105 4532 1400 4623 substitutiones
1433 4551 1524 4615 tan·

887 4668 922 4752 F
957 4694 982 4750 a
1422 4678 1519 4745 tum
