4600 5875
816 665 874 744 uo
999 689 1002 696 ·
1044 555 1142 735 ‘DE
1184 643 1448 748 ARCVBVS
1481 649 1816 814 CVRleRVM

763 881 766 887 '
815 864 1133 978 amplitudinem
1188 875 1439 986 propositam
1489 910 1598 988 zu,
1654 903 1774 995 atque
1806 909 1933 971 curua
1964 890 2072 980 vltra

816 995 847 1079 F
880 1000 933 1077 ita
970 1003 1269 1108 protendatur,
1300 1025 1347 1088 vt
1379 1029 1496 1092 arcus
1529 1009 1615 1094 FN
1648 1011 1792 1096 similis
1824 1033 1864 1099 et
1896 1023 2071 1130 aequalis

814 1120 865 1201 fit
898 1129 1009 1208 arcui
1044 1128 1168 1232 AM,
1202 1149 1294 1212 tum
1327 1133 1466 1217 sumto
1496 1163 1590 1220 arcu
1630 1139 1717 1224 FN
1749 1143 1912 1255 aequali
1948 1155 2070 1239 ¹arcui

813 1249 940 1355 ΑΜ,
975 1274 1059 1336 ram
1092 1258 1179 1336 eius
1211 1256 1425 1364 longitudo
1455 1264 1605 1350 MFN
1639 1269 1813 1377 aequalis
1846 1275 1924 1357 erit
1956 1282 2068 1364 arcui

814 1376 983 1489 ΑΜΕ,
1015 1403 1139 1488 quam
1171 1386 1258 1468 eius
1291 1386 1525 1499 amplitudo
1559 1393 1708 1480 MLN
1760 1401 1935 1512 aequalis
1980 1433 2072 1495 am·
2221 1457 2222 1488 ι

812 1507 1010 1615 plitudini
1041 1512 1289 1598 ΑΕΒ-τα.
1372 1518 1508 1632 Quare
1539 1529 1586 1610 ad
1621 1523 1826 1632 problema
1845 1649 1847 1654 Α
1868 1535 2086 1625 resolueu·-
2219 1541 2222 1636 *s

814 1636 916 1716 dum
951 1637 1099 1721 sufficit
1132 1643 1331 1728 eiusmodi
1363 1671 1507 1732 euruas
1539 1651 1805 1762 inuestigare,
1833 1667 2073 1766 quae‘ultra
2220 1691 2222 1794 f

793 1785 956 1844 arcum
994 1771 1075 1852 AF
1109 1773 1225 1854 cuius
1253 1774 1485 1883 amplitudo
1511 1779 1565 1864 ell
1598 1803 1690 1862 :a
1721 1783 1777 1866 ita
1832 1796 2073 1880 continueu·

814 1908 913 1994 tur,
945 1909 993 1974 vt
1027 1899 1164 2005 portio
1194 1905 1427 1988 continuata
1462 1904 1548 1990 FN
1584 1905 1726 1993 similis
1757 1923 2073 2030 et·aequalisfit
2220 1957 2222 1998 ³

812 2018 888 2128 ipfi
920 2042 1068 2130 curuae
1101 2025 1217 2114 AM.

965 2176 1035 2247 19.
1068 2153 1163 2236 Siue
1193 2154 1321 2261 igitur
1355 2182 1480 2246 curua
1513 2163 1560 2248 ad
1592 2189 1712 2252 axem
1748 2170 1838 2260 ΑΕ
1890 2181 1976 2268 liue
2025 2189 2072 2272 ad
2151 2201 2156 2206 ’

809 2295 930 2352 axem
984 2279 1016 2360 F
1028 2279 1066 2362 E
1115 2287 1312 2368 referatur
1363 2293 1501 2374 eadem
1554 2299 1715 2402 prodire
1747 2301 1858 2386 debet
1888 2317 2072 2424 aequatio
2213 2354 2217 2363 ·

810 2398 920 2484 iuter.
967 2409 1244 2517 coordinatus,
1290 2439 1440 2500 uerum
1493 2417 1521 2500 ss
1572 2424 1677 2508 reela
1733 2430 1813 2515 FE
1853 2439 2070 2552 inaequalis
2216 2427 2217 2450 Ν

808 2527 930 2608 fuerit
963 2535 1094 2625 redae
1130 2543 1217 2624 ΑΕ
1250 2541 1346 2626 hinc
1379 2548 1571 2656 quaedam
1612 2553 1816 2666 disparitas
1865 2573 2070 2685 nascitur,

796 2671 858 2738 -ut
888 2677 1003 2742 arcus
1034 2663 1121 2748 FN
1157 2695 1237 2754 non
1274 2696 1397 2784 aeque
1431 2676 1478 2757 ad
1513 2680 1715 2784 prndium
1757 2687 1796 2772 E
1844 2699 2070 2813 referatur,

806 2783 929 2891 atque
962 2812 1075 2873 arcus
1108 2798 1204 2882 ΑΜ
1260 2824 1309 2884 eo
1356 2803 1559 2886 refertur:
1611 2818 1878 2916 commoditas
1931 2849 2071 2916 autem

805 2909 1007 3015 analyseos
1039 2920 1249 3033 postulat,
1303 2948 1351 3011 ut
1384 2931 1584 3038 poncium
1620 2936 1662 3020 ia
1694 2940 1897 3036 calculum
1932 2960 2068 3048 iutro-
2221 2996 2222 2999 ‘

805 3044 1012 3150 ducatur,
1042 3050 1088 3129 ad
1121 3055 1232 3155 quod
1255 3054 1382 3139 ‘arcus
1412 3056 1563 3145 srmiles
1598 3066 1694 3155 AM
1727 3091 1767 3154 et
1800 3077 1888 3162 FN
1919 3110 2071 3198 aequa·

636 3162 724 3236 Tab.
754 3168 782 3239 l.
813 3156 908 3250 liter
941 3172 1203 3287 referamur„
1273 3183 1333 3270 Vt
1365 3186 1494 3293 igitur
1526 3192 1604 3275 tale
1637 3202 1835 3305 prndium
1885 3212 2070 3303 inueniu-

605 3264 766 3359 {Fida
812 3314 940 3395 mus,
987 3323 1058 3407 per
1106 3305 1195 3388 data
1246 3312 1321 3395 tri'a
1369 3316 1516 3426 pundo
1550 3326 1617 3426 Α,
1651 3325 1689 3409 E
1723 3348 1764 3421 et
1797 3336 1830 3419 F
1864 3342 2068 3431 circulum
2206 3333 2213 3368 ¹

805 3422 1071 3508 describamus
1105 3434 1260 3541 AEF,
1294 3442 1460 3555 eiusque
1490 3473 1583 3532 arcu
1644 3456 1769 3543 AEF
1820 3465 1963 3555 blseilo
2023 3480 2066 3561 iu

806 3544 865 3650 C,
898 3553 979 3635 erit
1013 3556 1047 3643 C
1078 3555 1154 3642 hoc
1188 3568 1388 3673 prmoum
1421 3576 1530 3683 quod
1580 3581 1863 3677 desideramus.
1927 3599 2064 3688 ..Cum
2207 3603 2213 3675 ἴ

803 3677 914 3759 esaim
949 3684 1087 3791 anguli
1124 3689 1256 3777 CAE
1300 3719 1340 3781 et
1383 3700 1459 3787 CF
1473 3704 1508 3786 E
1561 3706 1639 3793 smt
1687 3719 1899 3831 aequales,
1949 3755 2064 3814 arcus

807 3803 908 3891 AM
942 3828 985 3891 et
1020 3809 1107 3895 FN
1137 3822 1357 3927 aequaliter
1388 3834 1616 3921 referuntur
1651 3844 1697 3924 ad
1733 3848 1856 3931 redas·
1892 3857 1974 3943 AC
2022 3879 2065 3944 et

806 3930 909 4038 FC,
960 3956 1002 4017 et
1051 3942 1144 4045 quia
1201 3937 1233 4031 F
1244 3946 1453 4063 strue,
1503 3962 1654 4053 horum
1689 3998 1861 4061 arcuum
1902 4012 2066 4099 quoque
2210 3963 2216 3988 Ι

804 4084 882 4169 par
911 4062 967 4144 est
1000 4064 1145 4150 relatio
1177 4076 1224 4157 ad
1263 4084 1462 4186 punllum
1494 4092 1564 4201 C,
1615 4105 1721 4209 quod
1771 4108 1926 4198 idcirco
1969 4128 2066 4203 cen‘·

730 4186 734 4196 ²
804 4201 919 4265 trum
963 4184 1486 4322 similitudinis'appcllari
1539 4231 1676 4331 potest.
1773 4234 1885 4349 Quin
1935 4250 2062 4334 etiam

778 4312 978 4419 ,angulus
1011 4321 1160 4423 ACF,
1193 4330 1260 4412 etsi
1298 4338 1424 4425 lineae
1457 4346 1535 4433 CA
1581 4376 1622 4437 et
1673 4358 1749 4445 CF
1800 4364 1843 4448 iu
1892 4398 2064 4462 curuum
2211 4408 2218 4432 ·‘

779 4466 885 4529 -non
918 4442 1010 4527 suot
1044 4455 1277 4569 normales,
1331 4471 1392 4557 led
1425 4478 1519 4584 quia
1550 4482 1746 4573 similiter
1768 4495 1816 4580 ad
1849 4524 1936 4587 eam
1969 4510 2066 4594 sunt
2210 4467 2219 4551 ἶ
