4600 5875
218 772 223 783 ,
363 658 1229 781 ‘'INTESTINORVM.
1348 697 1441 780 407

176 890 311 1013 ‘teque'
336 892 589 988 manifestum
618 900 710 987 eli·
761 899 882 987 Prius·
901 925 981 1009 ‘per
1012 902 1291 1011 experimenta
1327 907 1443 987 inne·

185 1034 297 1136 niat,
327 1052 506 1140 oportet,
537 1052 618 1142 qua
649 1030 805 1117 ratione
835 1029 1036 1119 ordinaria
1069 1032 1164 1116 solia
1199 1037 1445 1139 formentur,

173 1162 277 1265 seu,
324 1161 429 1273 quod
462 1162 569 1247 idem
602 1161 691 1267 est,
740 1167 947 1269 quomodo
981 1162 1183 1245 ordinaria
1240 1166 1445 1270 vegetatio
1507 1164 1512 1173 '

180 1309 428 1401 peragatur,
469 1307 511 1381 et
542 1288 689 1399 quibus
715 1288 838 1373 caulis
870 1292 1064 1401 quibusue
1100 1292 1253 1376 viribus
1286 1296 1328 1377 id
1361 1294 1445 1376 fiat.

167 1417 222 1507 'Si
257 1419 339 1505 huc
369 1417 624 1531 perspectum
647 1415 810 1525 ‘hubet,
841 1435 934 1504 tum
968 1421 1145 1532 inquirat
1179 1424 1219 1505 in
1254 1446 1316 1505 eas
1348 1445 1445 1505 cau·

176 1548 265 1657 sas,
294 1572 407 1636 easue
438 1546 752 1633 circumstantias
783 1565 825 1630 et
857 1550 1130 1651 conditiones,
1165 1573 1268 1661 quae
1303 1553 1345 1634 in
1378 1554 1446 1636 su.-

176 1679 402 1789 perioribus
435 1677 595 1786 plantae
624 1674 833 1789 partibus,
865 1677 931 1763 vbi
969 1676 1070 1781 ilia,
1111 1704 1211 1788 quae
1243 1704 1343 1763 nora
1377 1681 1446 1764 vi-

173 1796 327 1895 dentur
348 1800 669 1918 ,phaenomena
701 1824 923 1916 apparent,
971 1808 1176 1917 istaeque,
1226 1816 1326 1917 quae
1376 1808 1444 1894 di-

169 1939 312 2024 versae
345 1936 617 2041 videbantur,
649 1952 781 2045 partes
816 1938 1129 2048 producuntur,
1163 1940 1444 2045 vegetationi,

170 2064 372 2151 haetenus
403 2064 623 2151 celebratae
654 2063 875 2171 accedant,
917 2089 1096 2175 eamque
1146 2066 1203 2147 ita
1251 2068 1446 2150 determi-

171 2213 305 2298 nent,
326 2209 390 2279 .vt
424 2193 519 2281 loco
550 2192 854 2279 ordinariorum
889 2193 1083 2293 soliorum
1116 2194 1316 2277 eiusmodi
1353 2222 1446 2280 mo-

168 2321 337 2411 dificata
370 2319 466 2406 solia
499 2323 597 2407 inde
624 2323 877 2430 proueniant
976 2322 1044 2408 Sic
1094 2322 1200 2406 olim
1247 2325 1446 2432 procesit,

168 2454 346 2558 inueni,
394 2474 418 2533 a
466 2450 512 2535 vi
559 2450 827 2558 vegetationis
860 2447 1004 2535 sensim
1050 2448 1314 2555 imminuta,
1359 2456 1446 2537 sen-

166 2580 286 2688 sim,
341 2602 426 2693 quo
455 2577 609 2665 diutius
642 2578 848 2686 vegetatio
897 2578 1143 2690 peragitur,
1192 2600 1277 2688 quo
1325 2580 1447 2690 plura

167 2736 242 2826 per
273 2734 371 2796 eam
402 2707 498 2793 folia
533 2707 847 2819 producuntur,
876 2707 1154 2827 decrescente,
1207 2710 1447 2823 tandemque

167 2841 342 2954 penitus
369 2838 657 2945 evanescente,
686 2860 830 2923 omnes
862 2834 932 2921 has
961 2836 1314 2926 determinationes
1346 2866 1448 2952 pen»

163 2973 299 3079 dere,
350 2969 526 3081 adeoque
574 2964 664 3053 illas
693 2965 1017 3055 modificationes
1050 2969 1247 3053 foliorum
1282 2970 1447 3082 proprie

166 3104 213 3186 in
245 3099 409 3190 detetur
444 3097 697 3211 persediionis
729 3096 948 3184 consrstere.
1014 3096 1321 3203 Demonstrati,
1339 3102 1448 3210 quod

161 3229 289 3317 facile
326 3227 420 3312 fieri
453 3229 623 3340 potuit,
665 3224 744 3313 hoc
779 3226 1041 3313 succeffiuum
1075 3225 1341 3333 vegetationis
1375 3229 1448 3310 de·

164 3377 474 3464 crementum,
505 3361 671 3466 eiusque
701 3355 825 3440 simul
857 3359 1050 3462 causam,
1088 3377 1213 3466 quam
1247 3357 1445 3443 recensere

151 3487 236 3573 -hic
273 3487 545 3600 supersedeo,
594 3484 740 3570 multis
769 3487 1062 3598 experientiis,
1109 3504 1151 3570 et
1179 3481 1360 3593 explicui
1394 3509 1446 3568 ex

161 3614 249 3705 hoc
305 3614 394 3702 solo
438 3617 703 3703 fundamento
734 3618 875 3702 omnia
908 3615 980 3701 illa
1016 3610 1290 3726 phaenomena
1323 3635 1447 3719 noua,
1480 3615 1485 3622 ’

158 3771 273 3859 quae
309 3746 418 3830 circa
449 3742 802 3834 aedificationem
834 3747 1108 3859 contingunt,
1143 3762 1307 3856 partes,
1346 3763 1446 3852 quae

153 3875 268 3962 adeo
306 3875 487 3963 diuersae
517 3899 539 3959 a
572 3874 715 3962 ceteris
744 3873 851 3959 soliis
899 3875 1173 3978 videbantur,
1220 3869 1446 3983 multasque

160 4009 265 4096 adeo
303 4007 538 4114 minutias,
569 4027 672 4118 quae
702 4000 783 4090 huc
814 4005 1034 4117 pertinent,

321 4209 366 4368 '§.
405 4284 444 4366 5.
498 4257 566 4352 sic
612 4258 685 4347 libi
728 4283 1010 4376 rtotrrparatum
1054 4287 1143 4348 rem
1176 4258 1329 4368 habet,
1377 4258 1449 4372 qui
1464 4257 1584 4348 [⁰⁰30
1610 4253 1666 4328 ali·
1757 4329 1761 4334 .

158 4396 274 4481 ἀΐω
305 4393 477 4503 'genesta
509 4389 743 4503 plantarum
771 4391 1055 4502 explicandam
1087 4392 1307 4496 versatur,
1362 4408 1451 4476 toto
1466 4371 1666 4530 mm&

156 4522 287 4614 coelo
320 4524 528 4658 diuersam
558 4519 741 4608 inueniet
773 4521 879 4634 ille,
912 4523 983 4638 qui
1016 4547 1144 4638 porro
1174 4521 1226 4606 ad
1257 4518 1451 4604 animaha
1467 4583 1546 4633 enm
1569 4557 1667 4633 theo-

911 4661 916 4669 ’
1351 4669 1451 4756 pro·
