4600 5875
449 638 1275 741 INTESTINORVM.
1392 656 1553 755 432?

228 892 289 967 ret
312 880 346 980 ,“
373 881 472 969 adeo
517 880 681 967 ridetur
735 877 871 962 inflata
890 872 945 967 'er
979 880 1152 967 humore
1185 878 1351 963 distenta
1382 873 1517 963 busta.

226 1026 361 1092 totum
395 1008 662 1116 erubryonenr
696 1010 766 1115 qui
790 1009 1048 1121 transparet,
1093 1010 1330 1093 immediate
1364 1006 1494 1095 iuclu-

226 1136 337 1219 dere'
429 1144 636 1221 Annrium
680 1137 793 1219 enim
829 1140 958 1245 ipsum
992 1139 1043 1227 ob
1078 1140 1136 1222 sui
1170 1136 1490 1247 pelluciditatem

224 1264 298 1350 hor
332 1270 485 1353 ratione
519 1292 601 1351 non
634 1262 909 1371 distinguitur.
1008 1270 1268 1382 Quapropter
1299 1268 1491 1351 amnium

224 1399 409 1509 spurium
439 1393 557 1481 iliam
593 1394 770 1498 uocaui,
799 1400 990 1508 quamuis
1026 1422 1127 1485 cunr
1158 1402 1297 1486 amnio
1327 1390 1493 1508 proprie

151 1599 156 1611 .
221 1524 383 1610 nullam
415 1522 731 1612 similitudinem
763 1520 892 1609 habet.
990 1524 1101 1612 Cum
1137 1527 1336 1631 aureliis,
1390 1550 1494 1635 quae
1641 1560 1644 1563 ⁴

223 1651 479 1763 papilionem
510 1655 720 1739 continent
751 1679 1021 1765 comparare,
1076 1661 1290 1767 praecipue
1319 1653 1350 1737 fi
1401 1678 1491 1741 tet-

220 1802 285 1867 rae
331 1782 622 1869 obseruationes
670 1806 747 1894 pro
798 1782 1000 1895 exemplis
1068 1786 1323 1872 sumerentur
1358 1776 1494 1895 ·qu·ae'

215 1909 392 1997 illarum
425 1914 603 1998 sormam
637 1936 720 1997 nou
755 1912 862 1998 male
894 1916 1168 2025 exprimunt,
1225 1911 1369 1998 multis
1400 1917 1505 2024 qur·

217 2041 316 2133 dem
349 2042 556 2152 placererg
605 2042 676 2151 qui
712 2040 932 2149 hypothesi
965 2039 1216 2129 euolutionis
1246 2034 1506 2128 exornandae

104 2166 109 2177 ’
217 2170 413 2278 student,
464 2170 540 2257 sed'
578 2171 702 2258 nune
743 2168 806 2253 his
835 2194 1001 2284 quoque
1034 2170 1151 2257 rebus
1184 2169 1364 2279 analogia
1398 2196 1494 2255 vera

213 2297 356 2385 subest.
394 2299 613 2399 ,Embryo
645 2300 763 2405 prior
795 2299 994 2383 formatus
1025 2319 1068 2385 et
1101 2298 1219 2409 prior
1252 2304 1294 2382 in
1325 2301 1494 2410 conspe·

210 2428 339 2515 stum
372 2428 517 2529 uenit,¹
552 2422 692 2509 deinde
725 2424 933 2511 sueceffiue
969 2424 1374 2537 amnium'spurium
1405 2422 1509 2511 orii

214 2574 304 2641 tur.
406 2555 456 2641 ln
507 2550 673 2637 aureliis
703 2574 840 2638 contra
876 2557 1142 2645 innotuerum
1179 2556 1292 2667 prius
1325 2556 1459 2639 existit
1480 2616 1507 2664 ,.

211 2706 266 2773 vt
305 2688 410 2769 intra
441 2678 546 2767 illud
581 2680 738 2791 papiio
767 2680 984 2769 formetur.
1049 2686 1195 2794 Neque
1217 2680 1353 2769 'etiam
1386 2686 1509 2769 stru·
1643 2716 1648 2723 ·

208 2813 335 2902 nura
368 2812 496 2898 arnnii
530 2813 656 2919 spurii
688 2835 786 2899 eum
817 2812 1016 2899 struitura
1071 2810 1254 2899 aureliae
1299 2814 1493 2926 quicquid

209 2943 357 3036 fimile
390 2941 517 3030 habet.
796 2943 800 2950 '
1063 2941 1069 2953 '
1109 2951 1118 2975 ⁸
1193 3005 1198 3012 .
1358 2955 1365 2973 ⁸
1503 2975 1507 2986 ·

359 3076 390 3177 ς.
428 3085 497 3175 38.
534 3059 686 3175 Figura
718 3070 849 3158 annii
883 3073 1012 3185 spurii
1043 3077 1173 3162 etiam
1204 3069 1348 3160 eodem
1384 3057 1641 3190 tem-fieus·

204 3221 356 3318 pore,
385 3202 454 3288 die
486 3198 611 3287 tertio
639 3201 851 3309 absoluto,
890 3226 1016 3315 quem
1050 3207 1160 3288 diem
1195 3205 1237 3287 in
1271 3195 1615 3291 describen-=³.'.¹¹¹¹¹¹
1639 3171 1749 3272 spo,

199 3333 266 3418 do
300 3333 443 3419 amnio
472 3329 613 3445 spurio
643 3353 720 3440 pro
749 3357 896 3417 norma
926 3335 1168 3438 constituo,
1216 3331 1298 3417 no'n
1335 3337 1492 3447 semper
1512 3297 1570 3468 ἓξ
1598 3394 1631 3450 2,
1656 3395 1690 3472 7,

191 3481 401 3550 accurate
433 3463 571 3548 erdem
604 3461 809 3572 reperitur
841 3462 904 3546 sed
937 3465 1069 3556 variat
1095 3459 1323 3574 paululum
1389 3457 1493 3550 Cress

190 3591 261 3678 do
298 3610 471 3698 autem,
503 3609 549 3678 et
574 3609 681 3677 certe
714 3590 916 3702 persuasus
948 3573 1072 3700 suin,
1102 3591 1325 3677 -e'iusrnodi
1357 3593 1492 3680 turie-

193 3733 352 3829 tates,
399 3745 501 3834 quae
545 3717 588 3804 in
638 3718 929 3833 phaenomenis
975 3744 1159 3810 ouorum
1193 3721 1492 3830 obstruantur,

189 3871 295 3941 non
331 3850 451 3959 plane
501 3846 760 3939 accidentales
790 3850 900 3956 effe,
948 3849 1025 3942 sed'
1060 3855 1200 3967 potius
1250 3875 1272 3933 a
1323 3850 1489 3937 diuersrs

190 4002 399 4068 ouorum
444 3979 659 4092 generibus
709 3979 881 4092 pendere
900 4020 919 4086 ‚·
970 3999 1014 4069 et
1053 3981 1339 4095 'phaenomena
1394 3982 1488 4066 inde

193 4105 442 4221 quoquesi
475 4114 519 4197 iu
549 4110 733 4194 eiusdem
762 4109 1041 4216 generis'ou'n
1074 4113 1388 4229 examinantur,
1419 4133 1488 4196 ea·

188 4241 310 4330 dem
345 4240 504 4352 semper
533 4259 576 4330 et
602 4233 820 4325 constantia
852 4241 947 4324 fore
1040 4240 1247 4328 Amniurn
1300 4238 1489 4354 spurium

188 4361 359 4477 figura.
384 4371 481 4477 sua,
532 4369 630 4458 iioet
659 4363 770 4452 bulla
805 4365 1094 4458 tantummodo
1128 4366 1210 4476 sn,
1260 4363 1369 4452 fiin
1424 4371 1492 4453 su·

181 4495 382 4620 perficio
412 4523 523 4588 arete
554 4497 737 4592 instriori
769 4493 1072 4615 consideratur,
1110 4491 1314 4589 sacculum
1351 4515 1492 4584 tamen

788 4623 879 4726 lii
924 4654 950 4742 3
1071 4635 1074 4641 '
1198 4721 1203 4730 ,
1375 4651 1494 4714 men·
