4600 5875
438 633 1268 764 rurusrrunnun.
1379 601 1493 752 aas
1614 745 1617 750 ,

210 881 259 966 tt
305 859 459 954 limbus
486 868 757 980 abdomiuit,
804 867 906 960 dum
956 869 1244 992 producitur,
1292 871 1503 986 dumque

208 995 389 1086 micineae
420 1000 462 1080 in
495 997 702 1110 superficie
748 997 999 1087 membranae
1049 1001 1247 1112 superiori
1295 1002 1477 1114 incipit,

207 1123 343 1217 llatim
377 1149 399 1208 a
437 1128 667 1216 membrana
712 1123 944 1237 separetur,
993 1143 1036 1212 et
1085 1129 1221 1240 potius
1274 1130 1474 1242 separatus

204 1254 482 1362 producatur,
529 1256 757 1368 illamque
789 1253 996 1360 liberam,
1046 1276 1094 1344 at
1138 1255 1290 1373 eleuati
1338 1277 1381 1344 et
1428 1267 1472 1353 in

208 1379 299 1475 ilari
332 1383 455 1496 possit
484 1381 701 1522 telinqtrat.
746 1403 750 1412 '

219 1687 222 1694 .
349 1611 381 1712 l·
418 1635 490 1714 99·
525 1609 684 1702 Deinde
715 1607 810 1697 haec
843 1607 1012 1715 fissura,
1050 1637 1129 1726 qua
1163 1637 1265 1701 zona
1299 1609 1371 1743 illa
1405 1612 1473 1738 suf
1537 1700 1540 1705 .

198 1737 342 1848 petius
375 1743 416 1824 in
448 1741 547 1826 duas
578 1744 697 1828 strias'
717 1740 821 1828 albas
853 1741 1090 1847 diuiditur,
1122 1744 1330 1829 succesiiue
1354 1747 1473 1828 deor·
1794 1854 1799 1865 Ι

195 1867 292 1962 sum
323 1870 616 1979 continuatur,
660 1873 789 1980 adeo,
838 1888 887 1955 ut
914 1895 969 1957 ex
1000 1871 1104 1956 striis
1138 1870 1256 1955 limbi
1287 1875 1475 1956 oriantur
1539 1944 1575 1970 ‚⁸
1693 1880 1698 1886 “

195 1995 376 2082 distincti
409 2017 617 2110 totamque
647 2019 882 2112 aperturam
915 2001 1120 2105 cingentes
1153 1997 1237 2109 (fig.
1259 2003 1336 2104 6.).
1370 1997 1475 2084 Val·
1574 2005 1578 2012 ’

195 2121 251 2206 de
287 2143 422 2214 tamen
452 2125 657 2238 suspicor,
704 2125 884 2234 limbos,
938 2127 1035 2214 licet
1076 2125 1270 2213 hamanus
1316 2125 1513 2247 consus.

195 2245 243 2332 in
274 2273 401 2340 unam
434 2278 581 2342 zonam
614 2255 689 2341 elle
721 2257 970 2360 videantur,
1019 2257 1131 2366 pride
1165 2258 1251 2342 iam
1282 2283 1380 2342 uere
1413 2260 1481 2364 se·-

193 2397 356 2488 paratos
388 2385 451 2466 sed
482 2383 582 2469 adeo
612 2383 826 2488 contiguos
856 2373 1001 2484 suine„
1053 2403 1102 2468 ut
1142 2382 1338 2490 distingui
1387 2409 1469 2469 non
1562 2433 1570 2438 ·

191 2505 405 2616 potuerint
425 2569 447 2613 ,,
472 2536 581 2597 nunc
613 2535 714 2596 vero
743 2511 954 2594 succorum
975 2514 1310 2598 «accumulatione
1341 2533 1384 2597 et
1403 2516 1478 2628 in-¹

193 2634 463 2748 terposrtione
495 2629 702 2728 remoueri
754 2663 776 2720 a
827 2641 865 2723 se
915 2637 1131 2744 inuicem,
1201 2641 1468 2749 primumque

186 2765 289 2851 ideo
342 2767 546 2853 distintios
603 2788 806 2876 apparere.
903 2765 986 2854 Hac
1033 2788 1135 2871 ergo
1182 2769 1338 2851 ratione
1388 2786 1468 2850 tres

183 2893 506 2983 rotomacum
536 2887 669 2982 bullae
699 2893 986 2979 formationem
1018 2881 1318 3001 distinguendae
1352 2897 1474 3004 sunt;¹

181 3024 389 3109 formatio
420 3024 537 3112 limbi
566 3020 831 3109 abdominalis
862 3023 909 3107 ad
940 3022 1196 3133 superficiem
1260 3024 1465 3109 membra·
1580 3114 1585 3132 ,

182 3176 267 3239 nae
302 3150 551 3267 superiorem
584 3154 634 3256 (s.
668 3146 762 3262 98.)
792 3174 895 3262 quae
927 3150 1103 3235 maximi
1138 3152 1341 3237 momenti
1376 3154 1470 3260 esti·

179 3282 336 3367 deinde
366 3280 489 3369 huius
520 3282 640 3368 limbi
670 3308 694 3365 a
727 3276 931 3393 principio
972 3282 1229 3365 membranae
1277 3304 1362 3389 quo
1408 3306 1461 3369 err

175 3410 304 3521 spina
344 3410 489 3500 dorsali
539 3413 703 3516 oritur,
748 3426 791 3497 et
839 3410 947 3520 quod
993 3410 1170 3495 limbum
1218 3408 1463 3495 interiorem

175 3540 377 3650 format,
431 3540 609 3629 remotio
657 3560 728 3649 per
778 3532 1070 3648 interpositum
1119 3534 1333 3646 fluidum,
1380 3562 1463 3647 qu⁰
1590 3577 1600 3664 ζ
1660 3520 1664 3527 ¹

175 3690 300 3755 zona
330 3672 470 3779 primo
502 3673 545 3755 in
578 3668 674 3755 duas
713 3664 820 3754 strias
858 3668 986 3757 diuidi
1041 3668 1236 3773 videtut3
1288 3665 1462 3776 denique

172 3798 447 3887 continuatae
478 3822 529 3885 ex
560 3796 693 3884 limbo
739 3796 959 3905 interiori,
1010 3814 1053 3880 et
1093 3792 1289 3880 exteriori
1342 3795 1461 3905 supet

174 3926 370 4036 ductae,
413 3932 673 4032 ⁴membranae
713 3928 890 4013 remotio
921 3952 944 4010 a
974 3922 1147 4011 sirbiedlo
1178 3922 1306 4010 limbo
1337 3924 1461 4007 abdo-

175 4055 378 4167 minali,
428 4082 510 4167 quo
557 4054 682 4142 fimul
714 4052 811 4140 haec
846 4052 1077 4175 membrana
1111 4056 1154 4138 in
1186 4048 1342 4136 buliam
1374 4053 1460 4137 ele-

172 4201 349 4297 vatur,
382 4190 490 4299 quod
522 4187 663 4273 itidem
696 4209 768 4297 per
802 4188 964 4291 succos,
996 4177 1145 4295 liquori
1179 4182 1306 4265 amnii
1341 4177 1459 4264 fimi-

134 4308 253 4400 ·les'
285 4314 408 4426 fieri,
440 4313 674 4409 multorum
702 4314 992 4429 exemplorum
1022 4310 1206 4422 analogia
1240 4310 1384 4396 suadet
1461 4412 1467 4421 .

1280 4596 1315 4697 ς.
1353 4618 1452 4680 100.
