4600 5875
454 686 1290 791 runnsrrnonun.
1403 709 1496 823 409

225 940 276 1017 ..et
325 924 491 1013 fabricae
543 922 738 1014 beneficio
788 924 946 1039 sanguis
992 951 1065 1041 per
1115 928 1355 1017 uniuersum
1408 925 1502 1019 cori

232 1080 310 1173 pus
341 1058 557 1162 distribui,
592 1056 764 1170 indeque
796 1066 958 1145 rursum
989 1057 1173 1145 reuocari
1205 1062 1345 1174 potest.
1420 1057 1504 1150 Ce-

232 1190 398 1275 rebrum
426 1186 597 1297 denique
629 1182 839 1273 substantia
871 1192 958 1296 est,
997 1187 1193 1300 peculiari
1224 1207 1267 1276 et
1295 1190 1502 1276 admiran-

232 1318 317 1427 da,
359 1318 548 1429 nobisque
581 1312 773 1401 hedenus
806 1317 924 1429 plene
957 1318 1094 1425 ignote
1127 1313 1321 1437 qualitate
1352 1338 1424 1404 aut
1455 1318 1502 1410 ti

214 1448 442 1558 praedita,
491 1468 572 1557 qua
611 1467 757 1559 corpus
789 1440 972 1535 nostrum
1005 1446 1062 1533 ita
1093 1448 1333 1563 dispolitum
1366 1446 1500 1534 reddi·

193 1593 333 1685 ιιιι,
361 1594 410 1661 ιι
440 1576 576 1659 ιιιίιιιι
607 1573 890 1663 immaterialis
922 1581 1008 1663 sues
1040 1577 1266 1666 functiones
1294 1577 1502 1693 peridem

229 1710 411 1793 exserere
444 1704 570 1815 poffit.
670 1702 784 1791 Nam
814 1708 1004 1816 organica
1035 1694 1190 1791 cerebri
1221 1703 1503 1815 compositio,

211 1836 278 1923 ,ni
311 1832 497 1923 multum
529 1828 673 1940 fallor,
705 1832 808 1920 nihil
839 1841 887 1923 ad
918 1834 1144 1924 fundliones
1175 1833 1369 1920 animales
1400 1851 1501 1923 con·

209 1965 323 2081 ἲΐιιιι.
387 1964 436 2048 In
470 1960 533 2046 his
562 1960 865 2048 definitionibus
889 2026 902 2071 ,
930 1978 1130 2079 quantum
1163 1962 1383 2072 intelligo,
1435 1966 1503 2053 ni

227 2088 294 2177 hil
322 2093 456 2205 fimile
487 2094 679 2179 occurrit.
749 2055 849 2178 Non
881 2116 1024 2178 omnes
1054 2090 1222 2183 atridem
1252 2091 1314 2178 sed
1338 2089 1501 2201 plerre

205 2244 310 2330 ‚que
339 2242 480 2306 tumen
514 2236 646 2331 partes
678 2222 858 2330 corporis
886 2220 1075 2306 animalis
1108 2219 1187 2308 hoc
1220 2222 1346 2306 modo
1388 2220 1504 2308 diste

227 2368 387 2447 runt„
417 2349 552 2457 Hepar
583 2371 678 2431 cunr
711 2350 905 2457 renibus,
944 2352 1035 2431 imo
1067 2365 1110 2431 et
1143 2372 1241 2434 curn
1275 2348 1380 2435 liene
1412 2374 1503 2435 ιιιι·

226 2478 363 2565 iorem
396 2475 707 2561 firnilitudincm
743 2472 872 2561 habet
952 2475 1170 2561 Pulmones
1213 2476 1318 2562 hisce
1343 2475 1503 2565 srmilts
1639 2482 1641 2488 ’

224 2608 457 2710 uidentur,
487 2630 568 2688 non
603 2628 698 2690 nere
726 2602 831 2690 sunt
895 2604 1189 2696 Extremitet'cs
1205 2622 1344 2699 autern
1361 2606 1504 2758 οιιιιιίξ

213 2762 287 2825 no
320 2738 450 2845 magis
480 2738 586 2871 inter
620 2736 658 2819 se
691 2734 955 2824 conueniunt.
1025 2785 1032 2796 -
1465 2748 1475 2776 ²

191 3029 194 3034 Δ
247 3017 253 3034 ,
381 2935 497 3038 §.7
519 2922 593 3020 Si
606 2953 707 3040 ergo
738 2924 956 3045 pleraeque
983 2947 1026 3017 et
1058 2932 1295 3049 praecipuae
1317 2939 1504 3050 quidem,

202 3061 295 3151 'nti
326 3054 597 3149 monstratum
631 3061 719 3167 est,
768 3061 949 3172 corporis
971 3059 1175 3150 animalis
1223 3084 1355 3175 partes
1403 3071 1503 3155 adeo

201 3195 339 3278 'inter
371 3193 410 3277 se
440 3190 480 3276 et
513 3211 601 3296 tota
633 3170 699 3288 suri
733 3208 876 3277 natura
909 3189 1129 3294 differunt,
1181 3215 1263 3276 non
1296 3219 1422 3304 unam
1453 3192 1505 3282 ad

218 3321 404 3406 alteram
445 3300 565 3414 certis
603 3312 999 3404 determinationibus
1033 3319 1177 3406 additis
1207 3324 1354 3406 referre
1384 3343 1505 3434 pote·

195 3449 396 3556 ‘rimus,
448 3439 529 3553 no'u
573 3449 705 3535 dicere
737 3445 906 3552 licebit,
957 3470 1081 3530 unam
1115 3449 1190 3536 effe
1226 3427 1397 3535 alteram
1439 3453 1503 3557 sed

218 3574 527 3667 modificatam.
600 3573 668 3664 Ne
700 3577 860 3687 concipi
891 3574 1059 3685 quidem
1091 3596 1167 3663 eut·
1196 3576 1299 3688 fingi
1321 3586 1502 3693 poterit,

205 3702 308 3822 'qua
342 3705 494 3792 ratione
527 3705 652 3816 hepar
685 3734 726 3792 ι.
761 3699 1207 3813 gr.''deterrninundum
1247 3723 1317 3790 aut
1365 3713 1503 3799 modi·

198 3837 436 3926 ‘ficandum
467 3835 609 3942 edet,
659 3855 707 3920 vt
755 3834 874 3918 tubus
918 3833 1090 3918 cibarius
1141 3837 1233 3920 inde
1265 3832 1502 3950 resultaret,

213 3973 365 4076 neque
397 3967 493 4075 quid
526 3963 641 4051 cordi
669 3965 929 4064 addendum,
959 3950 1261 4071 auferendum,
1311 3989 1502 4056 commu·

193 4097 400 4228 {tandum
426 4155 438 4200 ,
467 4119 553 4207 quo
582 4093 791 4184 cerebrum
826 4091 1019 4206 prodiret.
1146 4083 1149 4086 ’
1446 4120 1450 4128 ·

382 4289 411 4390 i.
453 4300 492 4374 8.
544 4287 643 4378 Non
689 4315 826 4402 ergo,
876 4287 985 4401 quod
1018 4285 1060 4372 in
1092 4290 1238 4410 plentis
1270 4289 1360 4379 fieri
1394 4290 1504 4378 uidi·

214 4436 365 4519 mus,
396 4439 525 4501 certae
557 4422 689 4507 causae
720 4421 1063 4525 determinantes,
1093 4438 1224 4506 certae
1253 4421 1503 4507 conditiones

211 4565 299 4633 aut
354 4545 663 4635 circumstantiae
713 4554 754 4634 in
804 4545 1067 4637 aninralrbus„
1094 4545 1270 4637 aliarum
1300 4552 1503 4667 ‘partium

193 4732 200 4742 -
250 4673 835 4788 ‚Tonxuuoucbmn
958 4697 961 4704 ⁴
1030 4673 1138 4767 Fss
1292 4729 1326 4794 ·.
1376 4674 1502 4762 causis
