4600 5875
841 657 937 759 296
1024 756 1026 759 Ι
1125 645 1231 736 DE
1297 637 1841 764 EXCEPTIONB

836 874 966 962 diaria
999 877 1321 991 progrediamur.
1395 874 1613 964 Eruendae
1644 869 1773 979 igitur
1806 871 1898 958 sunt
1933 867 2097 985 phaeno-

838 1031 1060 1094 menorum
1094 1006 1247 1096 caussae
1277 1026 1481 1121 quantum
1515 1002 1604 1090 fieri
1640 1003 1802 1116 potell,
1856 999 1940 1088 fine
1968 1003 2098 1115 quibua

788 1220 790 1223 ,
837 1135 1187 1245 explicationem
1225 1135 1386 1250 phyfica
1437 1133 1580 1220 locum
1629 1133 1773 1247 habere
1824 1157 1905 1216 non
1956 1137 2103 1244 potest,

757 1267 761 1275 '
822 1264 938 1350 adeo
963 1291 1128 1378 quoque
1159 1264 1271 1356 nulla
1305 1265 1696 1377 phaenomenorum
1722 1263 1909 1368 cognitio
1932 1263 2098 1376 philolo·
2136 1333 2140 1349 .

839 1391 986 1507 phion,
1011 1421 1109 1484 uera
1142 1400 1336 1482 animum
1367 1392 1580 1506 uoluptate
1612 1394 1828 1482 afficiente.
1894 1486 1898 1497 Ι
2143 1383 2147 1405 “

981 1526 1136 1613 Omnia
1188 1525 1469 1639 phaenomena
1518 1521 1712 1608 haetenus
1763 1517 1866 1605 mihi
1928 1518 2099 1607 recenllta

838 1649 1015 1740 ‘redeunt
1045 1659 1096 1742 ad
1124 1678 1271 1762 genera
1308 1657 1427 1762 duo,
1474 1677 1658 1764 quorum
1710 1649 1911 1759 fluidum
1938 1647 2095 1736 alterum

821 1778 1021 1894 ‚bullient
1043 1783 1305 1888 bullitionem
1350 1785 1571 1895 producere
1622 1783 1665 1868 io
1714 1781 1834 1889 alio,
1882 1782 1925 1866 in
1978 1781 2095 1866 medio

819 1907 997 2024 .p0stta‚
1027 1941 1110 2001 non
1146 1915 1306 2024 potesta
1338 1911 1515 2001 alterum
1552 1935 1653 1998 uero
1687 1909 1850 2029 potest·
1890 1907 2093 1996 Nimirum

732 2037 745 2055 ”
840 2061 943 2149 aqua
974 2062 1018 2126 et
1050 2044 1216 2153 spiritus
1251 2044 1340 2131 uini
1374 2040 1728 2129 redtificanlltmus
1758 2038 2016 2146 bullitionem
2061 2037 2094 2122 in

825 2167 933 2252 aliis
963 2171 1124 2259 efficere
1160 2187 1397 2284 nequeunt,
1448 2172 1480 2258 fi
1515 2171 1558 2255 in
1590 2175 1684 2268 a’essre
1713 2191 1891 2280 aperto,
1939 2169 1981 2252 in
2020 2166 2092 2253 tale

842 2321 928 2383 non
961 2301 1096 2390 clauso
1122 2301 1322 2387 ebulliant
1339 2362 1359 2405 ‚.
1403 2319 1446 2386 et
1478 2323 1524 2386 ea
1555 2303 1733 2408 cingant.
1796 2297 1952 2386 Contra
1979 2297 2094 2408 liquo·

663 2464 682 2484 =
823 2449 908 2539 ⁸res
938 2455 1083 2517 omnen
1115 2432 1238 2517 ceteri
1270 2427 1518 2536 bullientes,
1550 2429 1651 2542 alius
1669 2490 1683 2534 „
1711 2453 1815 2542 ¹quor
1845 2429 2092 2530 circumdant,

730 2654 740 2668 „
822 2553 1055 2646 bullientes
1086 2561 1247 2649 efficere
1279 2555 1441 2670 poliunt
1472 2577 1515 2644 et
1548 2558 1685 2666 solent
1768 2557 1990 2674 Quomodo
2027 2555 2092 2663 igi·

832 2702 936 2798 tut·¹
963 2685 1120 2775 borum
1172 2688 1553 2802 phaenomenorum
1601 2678 1735 2773 ¹caulla
1786 2685 1898 2772 reddi
1951 2675 2091 2796 porcili

841 2814 911 2902 Ad
942 2815 1223 2927 phaenomena
1253 2840 1377 2928 aquae
1409 2837 1452 2902 et
1484 2815 1653 2932 spiritus
1685 2819 1773 2902 vini
1797 2810 2091 2902 redificatidini

826 2945 949 3056 ⁴quod
999 2954 1180 3057 attinet,
1227 2971 1376 3035 eorum
1425 2951 1534 3033 ratio
1584 2927 1810 3061 quaerenda
1853 2950 1911 3035 est
1957 2947 2001 3031 in
2026 2969 2091 3047 eo,

744 3137 747 3147 .
839 3075 953 3185 quod
1000 3078 1046 3163 in
1090 3078 1335 3165 ebullitione
1381 3071 1630 3163 constantem
1677 3079 1878 3161 retineant
1924 3084 2090 3183 gradum.

841 3200 993 3312 Natu,
1028 3228 1176 3318 ouum
1225 3206 1452 3293 differentia
1488 3210 1595 3291 inter
1628 3230 1769 3321 aquam
1800 3204 2032 3293 bullientem
2060 3216 2093 3284 et

841 3356 933 3426 earn
953 3368 977 3437 ‚·
998 3361 1100 3447 quae
1130 3336 1178 3421 ab
1207 3361 1255 3425 ea
1286 3335 1564 3421 circumdatur
1597 3332 1648 3422 stt
1681 3361 1710 3439 9
1744 3324 1982 3443 graduum3
2044 3332 2091 3415 se·

837 3462 985 3571 quitur
1015 3486 1068 3585 rt
1092 3468 1140 3553 ad
1173 3466 1373 3576 pundlum
1402 3466 1548 3553 caloris
1579 3468 1629 3551 ad
1661 3461 1939 3553 ebullitionem
1971 3461 2090 3573 requi·

840 3588 908 3679 liti
939 3621 1043 3708 aqua
1079 3596 1121 3686 in
1162 3598 1324 3684 minore
1359 3596 1449 3681 uase
1498 3594 1711 3713 peruenire
1761 3614 1967 3709 nequeat,
2012 3591 2091 3675 adeo

838 3746 1003 3835 quoque
1032 3721 1201 3814 ebullire
1233 3728 1278 3813 in
1310 3728 1404 3813 a'e‘re
1431 3746 1574 3837 aperto
1587 3785 1616 3835 ¹‚‚
1640 3719 1683 3811 in
1713 3726 1809 3841 ,uase
1842 3750 1922 3811 non
1956 3720 2092 3825 clauso,

837 3874 1052 3966 nunquam
1103 3854 1234 3967 polbt.
1330 3856 1406 3942 Par
1439 3858 1546 3945 ratio
1574 3856 1631 3941 est
1663 3852 1809 3942 similis
1843 3850 2093 3965 phaenomeni

829 3973 1005 4094 -spititua
1036 3985 1128 4070 uini
1160 3980 1491 4073 testificatillimi.
1555 3983 1669 4071 Nam
1701 3982 1866 4089 ethic,
1897 3984 1960 4070 nti
1992 4002 2096 4087 anua,

835 4116 989 4203 retinet
1021 4112 1130 4200 inter
1161 4112 1439 4203 ebullientium
1471 4116 1721 4203 constantem
1750 4114 1894 4201 caloris
1923 4111 2094 4222 gradum

839 4240 989 4357 Quum
1020 4244 1149 4353 igitur
1180 4245 1403 4333 differentia
1436 4243 1543 4332 inter
1580 4246 1773 4357 spiritum
1805 4243 1896 4363 vini
1934 4236 2100 4328 bullien-

832 4388 929 4463 tem
946 4401 962 4482 ,·
981 4392 1037 4462 et
1069 4398 1153 4461 non
1183 4374 1471 4487 bullientem
1495 4374 1595 4466 licet
1622 4402 1661 4495 a
1680 4372 1875 4469 bulliente
1909 4370 2102 4478 cinnum,

831 4499 893 4601 fit
921 4524 966 4595 nt
996 4524 1163 4613 manem
1194 4528 1372 4629 quatuor
1407 4506 1616 4629 graduum
1633 4536 1673 4631 i:
1691 4490 2101 4721 ,ficjlbss‘lflsl'igiffl‘
2135 4596 2140 4604 .

2023 4655 2105 4719 unc
