<?xml version="1.0" encoding="UTF-8"?>
<!DOCTYPE html PUBLIC "-//W3C//DTD XHTML 1.0 Transitional//EN"
    "http://www.w3.org/TR/xhtml1/DTD/xhtml1-transitional.dtd">
<html xmlns="http://www.w3.org/1999/xhtml" xml:lang="en" lang="en">
 <head>
  <title>
</title>
<meta http-equiv="Content-Type" content="text/html;charset=utf-8" />
  <meta name='ocr-system' content='tesseract 3.04.00' />
  <meta name='ocr-capabilities' content='ocr_page ocr_carea ocr_par ocr_line ocrx_word'/>
</head>
<body>
  <div class='ocr_page' id='page_1' title='image "./novicommentarii00sssrgoog/novicommentarii00sssrgoog_0506.png"; bbox 0 0 4600 5875; ppageno 0'>
   <div class='ocr_carea' id='block_1_1' title="bbox 446 659 1777 799">
    <p class='ocr_par' dir='ltr' id='par_1_1' title="bbox 446 659 1777 799">
     <span class='ocr_line' id='line_1_1' title="bbox 446 659 1777 799; baseline 0.019 -44"><span class='ocrx_word' id='word_1_1' title='bbox 446 662 1274 778; x_wconf 66' lang='lat' dir='ltr'>recreor-auorum.</span> <span class='ocrx_word' id='word_1_2' title='bbox 1394 693 1540 799; x_wconf 77' lang='lat'>447,</span> <span class='ocrx_word' id='word_1_3' title='bbox 1772 659 1777 674; x_wconf 83' lang='grc'><strong>’</strong></span> 
     </span>
    </p>
   </div>
   <div class='ocr_carea' id='block_1_2' title="bbox 92 899 1495 1397">
    <p class='ocr_par' dir='ltr' id='par_1_2' title="bbox 92 899 1495 1271">
     <span class='ocr_line' id='line_1_2' title="bbox 92 899 1494 1011; baseline 0.002 -31"><span class='ocrx_word' id='word_1_4' title='bbox 92 940 96 996; x_wconf 65' lang='lat' dir='ltr'>f</span> <span class='ocrx_word' id='word_1_5' title='bbox 230 908 344 1001; x_wconf 81' lang='lat' dir='ltr'>tenus</span> <span class='ocrx_word' id='word_1_6' title='bbox 375 912 511 981; x_wconf 86' lang='lat' dir='ltr'>autem</span> <span class='ocrx_word' id='word_1_7' title='bbox 538 902 586 984; x_wconf 89' lang='lat' dir='ltr'>in</span> <span class='ocrx_word' id='word_1_8' title='bbox 620 899 880 1010; x_wconf 87' lang='lat' dir='ltr'>amnioipso</span> <span class='ocrx_word' id='word_1_9' title='bbox 911 900 1150 1005; x_wconf 65' lang='lat' dir='ltr'>seruntur,</span> <span class='ocrx_word' id='word_1_10' title='bbox 1200 924 1329 1011; x_wconf 90' lang='lat' dir='ltr'>neque</span> <span class='ocrx_word' id='word_1_11' title='bbox 1375 919 1494 1009; x_wconf 85' lang='lat' dir='ltr'>rete,</span> 
     </span>
     <span class='ocr_line' id='line_1_3' title="bbox 230 1027 1494 1151; baseline 0.006 -44"><span class='ocrx_word' id='word_1_12' title='bbox 230 1048 359 1135; x_wconf 87' lang='lat' dir='ltr'>neque</span> <span class='ocrx_word' id='word_1_13' title='bbox 392 1028 499 1151; x_wconf 87' lang='lat' dir='ltr'>quod</span> <span class='ocrx_word' id='word_1_14' title='bbox 532 1027 627 1129; x_wconf 72' lang='lat' dir='ltr'>alias</span> <span class='ocrx_word' id='word_1_15' title='bbox 660 1027 749 1114; x_wconf 89' lang='lat' dir='ltr'>fieri</span> <span class='ocrx_word' id='word_1_16' title='bbox 783 1028 911 1138; x_wconf 87' lang='lat' dir='ltr'>solet,</span> <span class='ocrx_word' id='word_1_17' title='bbox 963 1028 1115 1111; x_wconf 85' lang='lat' dir='ltr'>arboris</span> <span class='ocrx_word' id='word_1_18' title='bbox 1155 1030 1378 1137; x_wconf 81' lang='lat' dir='ltr'>imaginem</span> <span class='ocrx_word' id='word_1_19' title='bbox 1426 1034 1494 1115; x_wconf 85' lang='lat' dir='ltr'>sua</span> 
     </span>
     <span class='ocr_line' id='line_1_4' title="bbox 165 1152 1495 1271; baseline 0.011 -37"><span class='ocrx_word' id='word_1_20' title='bbox 165 1175 169 1181; x_wconf 89' lang='lat'>·</span> <span class='ocrx_word' id='word_1_21' title='bbox 229 1152 517 1241; x_wconf 78' lang='lat' dir='ltr'>santificatione</span> <span class='ocrx_word' id='word_1_22' title='bbox 546 1159 823 1269; x_wconf 85' lang='lat' dir='ltr'>exprimunt,</span> <span class='ocrx_word' id='word_1_23' title='bbox 855 1158 917 1243; x_wconf 88' lang='lat' dir='ltr'>sed</span> <span class='ocrx_word' id='word_1_24' title='bbox 951 1159 1040 1245; x_wconf 82' lang='lat' dir='ltr'>vasa</span> <span class='ocrx_word' id='word_1_25' title='bbox 1059 1158 1212 1271; x_wconf 78' lang='lat' dir='ltr'>potius</span> <span class='ocrx_word' id='word_1_26' title='bbox 1244 1162 1335 1244; x_wconf 90' lang='lat' dir='ltr'>sunt</span> <span class='ocrx_word' id='word_1_27' title='bbox 1366 1159 1495 1248; x_wconf 85' lang='lat' dir='ltr'>linea·</span> 
     </span>
    </p>

    <p class='ocr_par' dir='ltr' id='par_1_3' title="bbox 94 1274 1054 1397">
     <span class='ocr_line' id='line_1_5' title="bbox 94 1274 1054 1397; baseline 0.009 -32"><span class='ocrx_word' id='word_1_28' title='bbox 94 1330 95 1333; x_wconf 17' lang='grc' dir='ltr'><strong><em>κ</em></strong></span> <span class='ocrx_word' id='word_1_29' title='bbox 228 1280 290 1367; x_wconf 90' lang='lat' dir='ltr'>ria</span> <span class='ocrx_word' id='word_1_30' title='bbox 317 1284 606 1397; x_wconf 87' lang='lat' dir='ltr'>etsirnplicia.</span> <span class='ocrx_word' id='word_1_31' title='bbox 648 1313 652 1320; x_wconf 92' lang='lat'>·</span> <span class='ocrx_word' id='word_1_32' title='bbox 1048 1274 1054 1284; x_wconf 67' lang='grc'>’</span> 
     </span>
    </p>
   </div>
   <div class='ocr_carea' id='block_1_3' title="bbox 93 1527 1664 2945">
    <p class='ocr_par' dir='ltr' id='par_1_4' title="bbox 245 1527 1495 1658">
     <span class='ocr_line' id='line_1_6' title="bbox 245 1527 1495 1658; baseline -0.002 -30"><span class='ocrx_word' id='word_1_33' title='bbox 245 1527 253 1541; x_wconf 76' lang='grc'><strong>’</strong></span> <span class='ocrx_word' id='word_1_34' title='bbox 379 1544 410 1645; x_wconf 83' lang='lat'>§.</span> <span class='ocrx_word' id='word_1_35' title='bbox 445 1552 521 1647; x_wconf 82' lang='lat'>48.</span> <span class='ocrx_word' id='word_1_36' title='bbox 551 1543 674 1629; x_wconf 49' lang='lat' dir='ltr'>»Hane</span> <span class='ocrx_word' id='word_1_37' title='bbox 704 1541 832 1655; x_wconf 88' lang='lat' dir='ltr'>ipsam</span> <span class='ocrx_word' id='word_1_38' title='bbox 864 1546 915 1631; x_wconf 88' lang='lat' dir='ltr'>ob</span> <span class='ocrx_word' id='word_1_39' title='bbox 945 1544 1101 1631; x_wconf 85' lang='lat' dir='ltr'>causam</span> <span class='ocrx_word' id='word_1_40' title='bbox 1134 1546 1313 1658; x_wconf 77' lang='lat' dir='ltr'>respediu</span> <span class='ocrx_word' id='word_1_41' title='bbox 1337 1542 1495 1651; x_wconf 84' lang='lat' dir='ltr'>figurae</span> 
     </span>
    </p>

    <p class='ocr_par' dir='ltr' id='par_1_5' title="bbox 93 1660 1578 1784">
     <span class='ocr_line' id='line_1_7' title="bbox 93 1660 1578 1784; baseline 0.004 -31"><span class='ocrx_word' id='word_1_42' title='bbox 93 1724 97 1777; x_wconf 52' lang='lat'><strong><em>4</em></strong></span> <span class='ocrx_word' id='word_1_43' title='bbox 227 1660 448 1779; x_wconf 80' lang='lat' dir='ltr'>cylindrica</span> <span class='ocrx_word' id='word_1_44' title='bbox 483 1674 587 1757; x_wconf 91' lang='lat' dir='ltr'>sunt.</span> <span class='ocrx_word' id='word_1_45' title='bbox 648 1670 819 1783; x_wconf 86' lang='lat' dir='ltr'>Notum</span> <span class='ocrx_word' id='word_1_46' title='bbox 849 1675 962 1756; x_wconf 90' lang='lat' dir='ltr'>enim</span> <span class='ocrx_word' id='word_1_47' title='bbox 992 1676 1079 1776; x_wconf 84' lang='lat' dir='ltr'>esi,</span> <span class='ocrx_word' id='word_1_48' title='bbox 1125 1682 1214 1758; x_wconf 81' lang='lat' dir='ltr'>vasa</span> <span class='ocrx_word' id='word_1_49' title='bbox 1247 1679 1495 1784; x_wconf 86' lang='lat' dir='ltr'>incorpore</span> <span class='ocrx_word' id='word_1_50' title='bbox 1573 1763 1578 1773; x_wconf 74' lang='grc'><strong>,</strong></span> 
     </span>
    </p>

    <p class='ocr_par' dir='ltr' id='par_1_6' title="bbox 97 1799 1664 2559">
     <span class='ocr_line' id='line_1_8' title="bbox 97 1799 1506 1914; baseline -0.001 -30"><span class='ocrx_word' id='word_1_51' title='bbox 97 1896 99 1907; x_wconf 20' lang='lat'>0</span> <span class='ocrx_word' id='word_1_52' title='bbox 137 1894 139 1898; x_wconf 11' lang='grc' dir='ltr'><em>Α</em></span> <span class='ocrx_word' id='word_1_53' title='bbox 226 1799 397 1887; x_wconf 86' lang='lat' dir='ltr'>animali</span> <span class='ocrx_word' id='word_1_54' title='bbox 429 1804 657 1909; x_wconf 84' lang='lat' dir='ltr'>generatim</span> <span class='ocrx_word' id='word_1_55' title='bbox 686 1821 849 1887; x_wconf 87' lang='lat' dir='ltr'>eatenus</span> <span class='ocrx_word' id='word_1_56' title='bbox 881 1799 1105 1911; x_wconf 86' lang='lat' dir='ltr'>cylindrica</span> <span class='ocrx_word' id='word_1_57' title='bbox 1142 1800 1249 1910; x_wconf 85' lang='lat' dir='ltr'>esse,</span> <span class='ocrx_word' id='word_1_58' title='bbox 1270 1880 1278 1891; x_wconf 84' lang='lat'>.</span> <span class='ocrx_word' id='word_1_59' title='bbox 1297 1806 1506 1914; x_wconf 77' lang='lat' dir='ltr'>quatenus</span> 
     </span>
     <span class='ocr_line' id='line_1_9' title="bbox 225 1914 1496 2045; baseline 0 -32"><span class='ocrx_word' id='word_1_60' title='bbox 225 1914 310 2013; x_wconf 82' lang='lat' dir='ltr'>fine</span> <span class='ocrx_word' id='word_1_61' title='bbox 341 1930 491 2017; x_wconf 85' lang='lat' dir='ltr'>emissis</span> <span class='ocrx_word' id='word_1_62' title='bbox 530 1933 653 2018; x_wconf 86' lang='lat' dir='ltr'>ramis</span> <span class='ocrx_word' id='word_1_63' title='bbox 693 1935 949 2045; x_wconf 87' lang='lat' dir='ltr'>procedunt,</span> <span class='ocrx_word' id='word_1_64' title='bbox 996 1934 1133 2018; x_wconf 88' lang='lat' dir='ltr'>conica</span> <span class='ocrx_word' id='word_1_65' title='bbox 1182 1954 1322 2016; x_wconf 88' lang='lat' dir='ltr'>autem</span> <span class='ocrx_word' id='word_1_66' title='bbox 1372 1931 1496 2037; x_wconf 83' lang='lat' dir='ltr'>fieri,</span> 
     </span>
     <span class='ocr_line' id='line_1_10' title="bbox 224 2061 1497 2171; baseline -0.001 -26"><span class='ocrx_word' id='word_1_67' title='bbox 224 2063 332 2145; x_wconf 90' lang='lat' dir='ltr'>dum</span> <span class='ocrx_word' id='word_1_68' title='bbox 364 2084 500 2145; x_wconf 87' lang='lat' dir='ltr'>ramos</span> <span class='ocrx_word' id='word_1_69' title='bbox 530 2065 579 2148; x_wconf 92' lang='lat' dir='ltr'>de</span> <span class='ocrx_word' id='word_1_70' title='bbox 612 2066 648 2149; x_wconf 94' lang='lat' dir='ltr'>se</span> <span class='ocrx_word' id='word_1_71' title='bbox 679 2063 904 2163; x_wconf 79' lang='lat' dir='ltr'>emittunt,</span> <span class='ocrx_word' id='word_1_72' title='bbox 979 2084 1107 2171; x_wconf 90' lang='lat' dir='ltr'>eoque</span> <span class='ocrx_word' id='word_1_73' title='bbox 1160 2062 1291 2167; x_wconf 87' lang='lat' dir='ltr'>magis</span> <span class='ocrx_word' id='word_1_74' title='bbox 1330 2062 1374 2145; x_wconf 93' lang='lat' dir='ltr'>in</span> <span class='ocrx_word' id='word_1_75' title='bbox 1424 2061 1497 2144; x_wconf 89' lang='lat' dir='ltr'>suo</span> 
     </span>
     <span class='ocr_line' id='line_1_11' title="bbox 223 2180 1564 2303; baseline 0.004 -35"><span class='ocrx_word' id='word_1_76' title='bbox 223 2184 385 2293; x_wconf 87' lang='lat' dir='ltr'>lumine</span> <span class='ocrx_word' id='word_1_77' title='bbox 431 2191 683 2295; x_wconf 83' lang='lat' dir='ltr'>decrescere,</span> <span class='ocrx_word' id='word_1_78' title='bbox 732 2216 818 2303; x_wconf 91' lang='lat' dir='ltr'>quo</span> <span class='ocrx_word' id='word_1_79' title='bbox 864 2188 930 2275; x_wconf 81' lang='lat' dir='ltr'>uel</span> <span class='ocrx_word' id='word_1_80' title='bbox 978 2192 1189 2292; x_wconf 62' lang='lat' dir='ltr'>maiorm,</span> <span class='ocrx_word' id='word_1_81' title='bbox 1239 2183 1307 2273; x_wconf 83' lang='lat' dir='ltr'>uel</span> <span class='ocrx_word' id='word_1_82' title='bbox 1358 2185 1497 2301; x_wconf 86' lang='lat' dir='ltr'>plures</span> <span class='ocrx_word' id='word_1_83' title='bbox 1560 2180 1564 2188; x_wconf 74' lang='grc'><strong>’</strong></span> 
     </span>
     <span class='ocr_line' id='line_1_12' title="bbox 223 2316 1495 2430; baseline -0.002 -27"><span class='ocrx_word' id='word_1_84' title='bbox 223 2316 307 2403; x_wconf 81' lang='lat' dir='ltr'>slot</span> <span class='ocrx_word' id='word_1_85' title='bbox 339 2322 480 2422; x_wconf 85' lang='lat' dir='ltr'>rami,</span> <span class='ocrx_word' id='word_1_86' title='bbox 517 2332 589 2430; x_wconf 81' lang='lat' dir='ltr'>qui</span> <span class='ocrx_word' id='word_1_87' title='bbox 620 2322 802 2419; x_wconf 88' lang='lat' dir='ltr'>eduntur.</span> <span class='ocrx_word' id='word_1_88' title='bbox 884 2316 1075 2425; x_wconf 89' lang='lat' dir='ltr'>Denique</span> <span class='ocrx_word' id='word_1_89' title='bbox 1106 2316 1386 2423; x_wconf 81' lang='lat' dir='ltr'>magnitudine</span> <span class='ocrx_word' id='word_1_90' title='bbox 1424 2320 1495 2403; x_wconf 79' lang='lat' dir='ltr'>viic</span> 
     </span>
     <span class='ocr_line' id='line_1_13' title="bbox 222 2444 1664 2559; baseline 0.001 -29"><span class='ocrx_word' id='word_1_91' title='bbox 222 2444 368 2559; x_wconf 82' lang='lat' dir='ltr'>capilli</span> <span class='ocrx_word' id='word_1_92' title='bbox 396 2445 609 2531; x_wconf 87' lang='lat' dir='ltr'>ctassrtiem</span> <span class='ocrx_word' id='word_1_93' title='bbox 642 2463 813 2553; x_wconf 88' lang='lat' dir='ltr'>aequant</span> <span class='ocrx_word' id='word_1_94' title='bbox 844 2460 886 2528; x_wconf 90' lang='lat' dir='ltr'>et</span> <span class='ocrx_word' id='word_1_95' title='bbox 919 2466 1038 2551; x_wconf 85' lang='lat' dir='ltr'>aegre</span> <span class='ocrx_word' id='word_1_96' title='bbox 1088 2445 1207 2527; x_wconf 80' lang='lat' dir='ltr'>nudis</span> <span class='ocrx_word' id='word_1_97' title='bbox 1253 2444 1382 2531; x_wconf 87' lang='lat' dir='ltr'>oculis</span> <span class='ocrx_word' id='word_1_98' title='bbox 1431 2449 1497 2532; x_wconf 91' lang='lat' dir='ltr'>di·</span> <span class='ocrx_word' id='word_1_99' title='bbox 1659 2544 1664 2554; x_wconf 80' lang='lat'><em>.</em></span> 
     </span>
    </p>

    <p class='ocr_par' dir='ltr' id='par_1_7' title="bbox 143 2569 1587 2683">
     <span class='ocr_line' id='line_1_14' title="bbox 143 2569 1587 2683; baseline -0.003 -20"><span class='ocrx_word' id='word_1_100' title='bbox 143 2576 163 2664; x_wconf 67' lang='grc' dir='ltr'><strong>ζ</strong></span> <span class='ocrx_word' id='word_1_101' title='bbox 221 2576 501 2683; x_wconf 85' lang='lat' dir='ltr'>stinguuntur.</span> <span class='ocrx_word' id='word_1_102' title='bbox 596 2575 710 2662; x_wconf 85' lang='lat' dir='ltr'>Inter</span> <span class='ocrx_word' id='word_1_103' title='bbox 741 2576 831 2659; x_wconf 83' lang='lat' dir='ltr'>uasa</span> <span class='ocrx_word' id='word_1_104' title='bbox 865 2574 993 2680; x_wconf 88' lang='lat' dir='ltr'>igitur</span> <span class='ocrx_word' id='word_1_105' title='bbox 1026 2569 1233 2681; x_wconf 87' lang='lat' dir='ltr'>capillaria</span> <span class='ocrx_word' id='word_1_106' title='bbox 1266 2572 1308 2661; x_wconf 86' lang='lat' dir='ltr'>et</span> <span class='ocrx_word' id='word_1_107' title='bbox 1341 2573 1498 2659; x_wconf 89' lang='lat' dir='ltr'>micro·</span> <span class='ocrx_word' id='word_1_108' title='bbox 1583 2586 1587 2593; x_wconf 43' lang='lat'><em>*</em></span> 
     </span>
    </p>

    <p class='ocr_par' dir='ltr' id='par_1_8' title="bbox 129 2696 1499 2945">
     <span class='ocr_line' id='line_1_15' title="bbox 129 2696 1499 2817; baseline -0.003 -24"><span class='ocrx_word' id='word_1_109' title='bbox 129 2696 140 2721; x_wconf 83' lang='lat'>‘</span> <span class='ocrx_word' id='word_1_110' title='bbox 217 2708 411 2817; x_wconf 69' lang='lat' dir='ltr'>scopus,</span> <span class='ocrx_word' id='word_1_111' title='bbox 442 2726 544 2817; x_wconf 87' lang='lat' dir='ltr'>quae</span> <span class='ocrx_word' id='word_1_112' title='bbox 575 2702 712 2813; x_wconf 85' lang='lat' dir='ltr'>plures</span> <span class='ocrx_word' id='word_1_113' title='bbox 747 2722 883 2786; x_wconf 91' lang='lat' dir='ltr'>tamen</span> <span class='ocrx_word' id='word_1_114' title='bbox 917 2699 1043 2785; x_wconf 89' lang='lat' dir='ltr'>simul</span> <span class='ocrx_word' id='word_1_115' title='bbox 1074 2699 1262 2808; x_wconf 84' lang='lat' dir='ltr'>globulos</span> <span class='ocrx_word' id='word_1_116' title='bbox 1294 2704 1499 2811; x_wconf 83' lang='lat' dir='ltr'>sanguinis</span> 
     </span>
     <span class='ocr_line' id='line_1_16' title="bbox 215 2831 944 2945; baseline -0.014 -23"><span class='ocrx_word' id='word_1_117' title='bbox 215 2836 485 2945; x_wconf 78' lang='lat' dir='ltr'>admittunt,</span> <span class='ocrx_word' id='word_1_118' title='bbox 518 2837 668 2919; x_wconf 87' lang='lat' dir='ltr'>merito</span> <span class='ocrx_word' id='word_1_119' title='bbox 697 2831 944 2919; x_wconf 84' lang='lat' dir='ltr'>reseruntur.</span> 
     </span>
    </p>
   </div>
   <div class='ocr_carea' id='block_1_4' title="bbox 177 3085 1764 4642">
    <p class='ocr_par' dir='ltr' id='par_1_9' title="bbox 177 3085 1764 4120">
     <span class='ocr_line' id='line_1_17' title="bbox 369 3085 1698 3197; baseline -0.004 -16"><span class='ocrx_word' id='word_1_120' title='bbox 369 3095 411 3197; x_wconf 79' lang='lat'>-§.</span> <span class='ocrx_word' id='word_1_121' title='bbox 444 3115 520 3197; x_wconf 88' lang='lat'>49.</span> <span class='ocrx_word' id='word_1_122' title='bbox 573 3091 679 3178; x_wconf 85' lang='lat' dir='ltr'>Haec</span> <span class='ocrx_word' id='word_1_123' title='bbox 729 3088 853 3192; x_wconf 91' lang='lat' dir='ltr'>sunt,</span> <span class='ocrx_word' id='word_1_124' title='bbox 901 3105 1004 3195; x_wconf 87' lang='lat' dir='ltr'>quae</span> <span class='ocrx_word' id='word_1_125' title='bbox 1050 3085 1099 3171; x_wconf 84' lang='lat' dir='ltr'>de</span> <span class='ocrx_word' id='word_1_126' title='bbox 1133 3087 1294 3170; x_wconf 80' lang='lat' dir='ltr'>omnio</span> <span class='ocrx_word' id='word_1_127' title='bbox 1322 3086 1494 3197; x_wconf 90' lang='lat' dir='ltr'>spurio,</span> <span class='ocrx_word' id='word_1_128' title='bbox 1514 3099 1698 3178; x_wconf 79' lang='lat' dir='ltr'>Scholum.</span> 
     </span>
     <span class='ocr_line' id='line_1_18' title="bbox 212 3193 1764 3342; baseline -0.013 -27"><span class='ocrx_word' id='word_1_129' title='bbox 212 3223 304 3342; x_wconf 81' lang='lat' dir='ltr'>qu&#39;a</span> <span class='ocrx_word' id='word_1_130' title='bbox 337 3225 434 3312; x_wconf 84' lang='lat' dir='ltr'>facie</span> <span class='ocrx_word' id='word_1_131' title='bbox 468 3222 679 3333; x_wconf 82' lang='lat' dir='ltr'>imprimis</span> <span class='ocrx_word' id='word_1_132' title='bbox 706 3218 777 3322; x_wconf 86' lang='lat' dir='ltr'>¹die</span> <span class='ocrx_word' id='word_1_133' title='bbox 812 3215 936 3300; x_wconf 89' lang='lat' dir='ltr'>tertio</span> <span class='ocrx_word' id='word_1_134' title='bbox 966 3211 1117 3317; x_wconf 88' lang='lat' dir='ltr'>finito,</span> <span class='ocrx_word' id='word_1_135' title='bbox 1150 3217 1310 3322; x_wconf 87' lang='lat' dir='ltr'>quando</span> <span class='ocrx_word' id='word_1_136' title='bbox 1357 3217 1495 3299; x_wconf 85' lang='lat' dir='ltr'>maxi·-</span> <span class='ocrx_word' id='word_1_137' title='bbox 1751 3193 1764 3218; x_wconf 52' lang='lat'>⁸</span> 
     </span>
     <span class='ocr_line' id='line_1_19' title="bbox 212 3344 1494 3470; baseline -0.013 -22"><span class='ocrx_word' id='word_1_138' title='bbox 212 3384 308 3448; x_wconf 89' lang='lat' dir='ltr'>me.</span> <span class='ocrx_word' id='word_1_139' title='bbox 331 3351 558 3468; x_wconf 71' lang='lat' dir='ltr'>persedum</span> <span class='ocrx_word' id='word_1_140' title='bbox 583 3351 679 3470; x_wconf 87' lang='lat' dir='ltr'>est,</span> <span class='ocrx_word' id='word_1_141' title='bbox 728 3362 929 3458; x_wconf 88' lang='lat' dir='ltr'>apparet,</span> <span class='ocrx_word' id='word_1_142' title='bbox 978 3344 1023 3426; x_wconf 94' lang='lat' dir='ltr'>in</span> <span class='ocrx_word' id='word_1_143' title='bbox 1065 3344 1308 3429; x_wconf 82' lang='lat' dir='ltr'>uniuersum</span> <span class='ocrx_word' id='word_1_144' title='bbox 1360 3349 1494 3432; x_wconf 85' lang='lat' dir='ltr'>notari</span> 
     </span>
     <span class='ocr_line' id='line_1_20' title="bbox 209 3473 1641 3585; baseline -0.022 -9"><span class='ocrx_word' id='word_1_145' title='bbox 209 3503 452 3575; x_wconf 89' lang='lat' dir='ltr'>merentur.</span> <span class='ocrx_word' id='word_1_146' title='bbox 518 3476 751 3567; x_wconf 87' lang='lat' dir='ltr'>Nonnullae</span> <span class='ocrx_word' id='word_1_147' title='bbox 785 3477 828 3558; x_wconf 89' lang='lat' dir='ltr'>in</span> <span class='ocrx_word' id='word_1_148' title='bbox 861 3475 1003 3558; x_wconf 90' lang='lat' dir='ltr'>eodem</span> <span class='ocrx_word' id='word_1_149' title='bbox 1037 3487 1078 3555; x_wconf 91' lang='lat' dir='ltr'>et</span> <span class='ocrx_word' id='word_1_150' title='bbox 1110 3473 1197 3582; x_wconf 93' lang='lat' dir='ltr'>ipso</span> <span class='ocrx_word' id='word_1_151' title='bbox 1225 3498 1277 3558; x_wconf 90' lang='lat' dir='ltr'>eo</span> <span class='ocrx_word' id='word_1_152' title='bbox 1309 3489 1496 3585; x_wconf 78' lang='lat' dir='ltr'>ternpore</span> <span class='ocrx_word' id='word_1_153' title='bbox 1552 3534 1554 3537; x_wconf 93' lang='lat'>.</span> <span class='ocrx_word' id='word_1_154' title='bbox 1639 3576 1641 3580; x_wconf 15' lang='grc' dir='ltr'>Ι</span> 
     </span>
     <span class='ocr_line' id='line_1_21' title="bbox 201 3601 1497 3720; baseline -0.01 -17"><span class='ocrx_word' id='word_1_155' title='bbox 201 3642 283 3703; x_wconf 89' lang='lat' dir='ltr'>res</span> <span class='ocrx_word' id='word_1_156' title='bbox 322 3627 568 3718; x_wconf 87' lang='lat' dir='ltr'>occurrunt,</span> <span class='ocrx_word' id='word_1_157' title='bbox 598 3631 694 3720; x_wconf 87' lang='lat' dir='ltr'>quas</span> <span class='ocrx_word' id='word_1_158' title='bbox 725 3607 813 3691; x_wconf 86' lang='lat' dir='ltr'>eius</span> <span class='ocrx_word' id='word_1_159' title='bbox 844 3601 974 3688; x_wconf 87' lang='lat' dir='ltr'>amnii</span> <span class='ocrx_word' id='word_1_160' title='bbox 1010 3618 1141 3714; x_wconf 84' lang='lat' dir='ltr'>partes</span> <span class='ocrx_word' id='word_1_161' title='bbox 1172 3602 1392 3699; x_wconf 88' lang='lat' dir='ltr'>anatomici</span> <span class='ocrx_word' id='word_1_162' title='bbox 1422 3606 1497 3690; x_wconf 91' lang='lat' dir='ltr'>suo</span> 
     </span>
     <span class='ocr_line' id='line_1_22' title="bbox 203 3725 1645 3846; baseline -0.012 -11"><span class='ocrx_word' id='word_1_163' title='bbox 203 3765 349 3835; x_wconf 86' lang='lat' dir='ltr'>more</span> <span class='ocrx_word' id='word_1_164' title='bbox 396 3745 605 3846; x_wconf 86' lang='lat' dir='ltr'>dicerent,</span> <span class='ocrx_word' id='word_1_165' title='bbox 654 3740 771 3826; x_wconf 89' lang='lat' dir='ltr'>souea</span> <span class='ocrx_word' id='word_1_166' title='bbox 823 3734 1033 3839; x_wconf 80' lang='lat' dir='ltr'>cardiaco,</span> <span class='ocrx_word' id='word_1_167' title='bbox 1078 3725 1166 3842; x_wconf 74' lang='lat' dir='ltr'>(fig.</span> <span class='ocrx_word' id='word_1_168' title='bbox 1200 3751 1243 3835; x_wconf 87' lang='lat'>7.</span> <span class='ocrx_word' id='word_1_169' title='bbox 1276 3731 1332 3832; x_wconf 79' lang='lat' dir='ltr'>sc.)</span> <span class='ocrx_word' id='word_1_170' title='bbox 1370 3731 1496 3844; x_wconf 85' lang='lat' dir='ltr'>raphe</span> <span class='ocrx_word' id='word_1_171' title='bbox 1613 3726 1645 3746; x_wconf 51' lang='lat'>³</span> 
     </span>
     <span class='ocr_line' id='line_1_23' title="bbox 203 3859 1498 3983; baseline -0.012 -20"><span class='ocrx_word' id='word_1_172' title='bbox 203 3873 365 3965; x_wconf 82' lang='lat' dir='ltr'>amnii</span> <span class='ocrx_word' id='word_1_173' title='bbox 399 3871 525 3982; x_wconf 89' lang='lat' dir='ltr'>spurii</span> <span class='ocrx_word' id='word_1_174' title='bbox 574 3863 615 3983; x_wconf 87' lang='lat' dir='ltr'>(I.</span> <span class='ocrx_word' id='word_1_175' title='bbox 646 3895 682 3954; x_wconf 88' lang='lat' dir='ltr'>n.</span> <span class='ocrx_word' id='word_1_176' title='bbox 714 3871 770 3966; x_wconf 87' lang='lat' dir='ltr'>n.)</span> <span class='ocrx_word' id='word_1_177' title='bbox 819 3863 986 3974; x_wconf 85' lang='lat' dir='ltr'>eiusque</span> <span class='ocrx_word' id='word_1_178' title='bbox 1033 3859 1245 3947; x_wconf 88' lang='lat' dir='ltr'>orificium</span> <span class='ocrx_word' id='word_1_179' title='bbox 1296 3861 1498 3971; x_wconf 85' lang='lat' dir='ltr'>inferius,</span> 
     </span>
     <span class='ocr_line' id='line_1_24' title="bbox 177 3987 1498 4120; baseline -0.011 -29"><span class='ocrx_word' id='word_1_180' title='bbox 177 4023 337 4120; x_wconf 83' lang='lat' dir='ltr'>&#39;quae</span> <span class='ocrx_word' id='word_1_181' title='bbox 368 3999 558 4100; x_wconf 83' lang='lat' dir='ltr'>omnibus</span> <span class='ocrx_word' id='word_1_182' title='bbox 590 3998 782 4084; x_wconf 69' lang='lat' dir='ltr'>haetenus</span> <span class='ocrx_word' id='word_1_183' title='bbox 811 3993 926 4078; x_wconf 74' lang='lat' dir='ltr'>ditiis</span> <span class='ocrx_word' id='word_1_184' title='bbox 959 3990 1081 4100; x_wconf 89' lang='lat' dir='ltr'>longe</span> <span class='ocrx_word' id='word_1_185' title='bbox 1111 3987 1368 4076; x_wconf 86' lang='lat' dir='ltr'>notabiliores</span> <span class='ocrx_word' id='word_1_186' title='bbox 1394 3994 1498 4076; x_wconf 79' lang='lat' dir='ltr'>sunt.</span> 
     </span>
    </p>

    <p class='ocr_par' dir='ltr' id='par_1_10' title="bbox 194 4119 1504 4642">
     <span class='ocr_line' id='line_1_25' title="bbox 203 4119 1503 4243; baseline -0.016 -20"><span class='ocrx_word' id='word_1_187' title='bbox 203 4137 306 4222; x_wconf 87' lang='lat' dir='ltr'>Eas</span> <span class='ocrx_word' id='word_1_188' title='bbox 347 4151 486 4218; x_wconf 87' lang='lat' dir='ltr'>autem</span> <span class='ocrx_word' id='word_1_189' title='bbox 519 4129 567 4214; x_wconf 88' lang='lat' dir='ltr'>ad</span> <span class='ocrx_word' id='word_1_190' title='bbox 600 4145 758 4243; x_wconf 88' lang='lat' dir='ltr'>partem</span> <span class='ocrx_word' id='word_1_191' title='bbox 788 4123 997 4208; x_wconf 88' lang='lat' dir='ltr'>secundam</span> <span class='ocrx_word' id='word_1_192' title='bbox 1047 4119 1170 4205; x_wconf 87' lang='lat' dir='ltr'>huius</span> <span class='ocrx_word' id='word_1_193' title='bbox 1219 4121 1503 4207; x_wconf 83' lang='lat' dir='ltr'>dissertationis</span> 
     </span>
     <span class='ocr_line' id='line_1_26' title="bbox 200 4253 1502 4384; baseline -0.014 -34"><span class='ocrx_word' id='word_1_194' title='bbox 200 4262 434 4384; x_wconf 84' lang='lat' dir='ltr'>relegabo.</span> <span class='ocrx_word' id='word_1_195' title='bbox 470 4353 473 4358; x_wconf 66' lang='grc'><em>,</em></span> <span class='ocrx_word' id='word_1_196' title='bbox 515 4259 566 4345; x_wconf 92' lang='lat' dir='ltr'>ln</span> <span class='ocrx_word' id='word_1_197' title='bbox 595 4262 737 4346; x_wconf 88' lang='lat' dir='ltr'>eadem</span> <span class='ocrx_word' id='word_1_198' title='bbox 769 4276 964 4364; x_wconf 84' lang='lat' dir='ltr'>quoque,</span> <span class='ocrx_word' id='word_1_199' title='bbox 1017 4253 1131 4357; x_wconf 89' lang='lat' dir='ltr'>prius</span> <span class='ocrx_word' id='word_1_200' title='bbox 1164 4273 1290 4361; x_wconf 91' lang='lat' dir='ltr'>quam</span> <span class='ocrx_word' id='word_1_201' title='bbox 1323 4255 1371 4335; x_wconf 91' lang='lat' dir='ltr'>ad</span> <span class='ocrx_word' id='word_1_202' title='bbox 1406 4274 1502 4334; x_wconf 88' lang='lat' dir='ltr'>mo·</span> 
     </span>
     <span class='ocr_line' id='line_1_27' title="bbox 194 4381 1504 4487; baseline -0.018 -3"><span class='ocrx_word' id='word_1_203' title='bbox 194 4397 329 4484; x_wconf 92' lang='lat' dir='ltr'>dum</span> <span class='ocrx_word' id='word_1_204' title='bbox 368 4389 624 4478; x_wconf 88' lang='lat' dir='ltr'>formationis</span> <span class='ocrx_word' id='word_1_205' title='bbox 655 4385 941 4472; x_wconf 85' lang='lat' dir='ltr'>intestinorum</span> <span class='ocrx_word' id='word_1_206' title='bbox 980 4381 1170 4485; x_wconf 87' lang='lat' dir='ltr'>transeo,</span> <span class='ocrx_word' id='word_1_207' title='bbox 1219 4383 1504 4487; x_wconf 89' lang='lat' dir='ltr'>mutationes,</span> 
     </span>
     <span class='ocr_line' id='line_1_28' title="bbox 196 4505 1504 4642; baseline -0.016 -31"><span class='ocrx_word' id='word_1_208' title='bbox 196 4547 325 4642; x_wconf 86' lang='lat' dir='ltr'>quas</span> <span class='ocrx_word' id='word_1_209' title='bbox 385 4547 409 4609; x_wconf 86' lang='lat' dir='ltr'>a</span> <span class='ocrx_word' id='word_1_210' title='bbox 456 4519 599 4636; x_wconf 85' lang='lat' dir='ltr'>ptimo</span> <span class='ocrx_word' id='word_1_211' title='bbox 637 4517 759 4604; x_wconf 89' lang='lat' dir='ltr'>initio</span> <span class='ocrx_word' id='word_1_212' title='bbox 790 4514 838 4600; x_wconf 83' lang='lat' dir='ltr'>ad</span> <span class='ocrx_word' id='word_1_213' title='bbox 873 4505 1045 4598; x_wconf 80' lang='lat' dir='ltr'>tertium</span> <span class='ocrx_word' id='word_1_214' title='bbox 1079 4513 1191 4597; x_wconf 89' lang='lat' dir='ltr'>diem</span> <span class='ocrx_word' id='word_1_215' title='bbox 1223 4507 1393 4604; x_wconf 87' lang='lat' dir='ltr'>finitum</span> <span class='ocrx_word' id='word_1_216' title='bbox 1427 4534 1504 4593; x_wconf 79' lang='lat' dir='ltr'>vs-</span> 
     </span>
    </p>
   </div>
   <div class='ocr_carea' id='block_1_5' title="bbox 1411 4661 1509 4752">
    <p class='ocr_par' dir='ltr' id='par_1_11' title="bbox 1411 4661 1509 4752">
     <span class='ocr_line' id='line_1_29' title="bbox 1411 4661 1509 4752; baseline -0.051 0"><span class='ocrx_word' id='word_1_217' title='bbox 1411 4661 1509 4752; x_wconf 58' lang='lat' dir='ltr'>quea</span> 
     </span>
    </p>
   </div>
   <div class='ocr_carea' id='block_1_6' title="bbox 0 0 2304 5875">
    <p class='ocr_par' dir='ltr' id='par_1_12' title="bbox 0 0 2304 5875">
     <span class='ocr_line' id='line_1_30' title="bbox 0 0 2304 5875; baseline 0 0"><span class='ocrx_word' id='word_1_218' title='bbox 0 0 2304 5875; x_wconf 95' lang='lat' dir='ltr'> </span> 
     </span>
    </p>
   </div>
  </div>
 </body>
</html>
