4600 5875
746 595 753 608 ·
838 668 960 751 4321·
1100 638 1223 753 'DE
1289 618 1906 731 Fouutuulouur

773 960 777 963 .
839 874 971 955 decim
1005 864 1122 953 horas
1161 868 1348 955 incubatis
1382 866 1495 954 illam
1529 868 1689 951 foueam
1723 885 1897 971 uacuam
1932 860 2019 949 l'me
2048 866 2115 953 tl·'

838 998 884 1084 lo
915 997 1154 1105 embryonis
1186 1000 1368 1105 vestigio
1465 996 1527 1081 Et
1561 996 1603 1077 in
1636 992 1728 1079 aliis
1756 996 1938 1078 eiusdem
1974 996 2106 1079 aetatis

838 1131 929 1213 ouis
960 1126 1153 1215 similiter
1183 1126 1362 1215 areolam
1392 1124 1515 1229 vidi,
1563 1127 1605 1207 in
1637 1148 1725 1233 qua
1747 1144 1885 1207 tamen
1916 1122 2107 1231 entbryo·

839 1259 903 1343 nis
934 1252 1338 1373 rudimentumfiod
1372 1252 1462 1339 teri
1490 1255 1675 1339 nominis
1707 1254 1994 1342 addimentum
2014 1279 2108 1345 con·

842 1387 1057 1473 tinebatur.
1155 1386 1269 1492 Nam
1298 1408 1349 1471 oa
1381 1380 1578 1489 felicitas,
1614 1406 1732 1493 quae,
1752 1380 1969 1495 Malpighio
2000 1384 2109 1490 luit,

840 1540 1047 1626 nunquam
1080 1514 1188 1601 mihi
1220 1513 1429 1618 contigit,
1462 1529 1521 1597 vt.
1542 1511 1815 1621 ombryonem
1850 1512 1893 1612 in
1927 1515 2114 1597 nuisnon

842 1645 1039 1731 incohatis
1069 1645 1278 1731 viduum
1310 1638 1532 1728 .›Ettoneas
1565 1641 1637 1725 has
1670 1638 1965 1729 obseruationes
1998 1660 2118 1753 pout,

841 1772 1082 1863 perillustris
1114 1801 1158 1860 v.
1186 1768 1350 1867 ¹llullert
1388 1809 1392 1831 ·
1449 1772 1572 1858 Forte
1597 1774 1729 1857 ,etiam
1769 1772 1920 1857 serum:
1968 1772 2109 1857 aestatis

841 1902 886 1987 in
920 1901 1039 1990 ltalia
1068 1900 1220 2015 aliquas
1251 1901 1419 1987 innuis
1469 1902 1722 1993 mutationes·
1767 1903 1992 2013 producere
2042 1926 2106 2013 po

844 2034 939 2117 tuit.
1035 2029 1111 2117 Sed
1159 2032 1229 2115 illo
1261 2028 1425 2139 primus
1456 2030 1694 2135 embryonis
1723 2029 1842 2115 status
1875 2028 2042 2117 seotlim
2068 2050 2104 2121 et

781 2188 787 2197 ·
841 2160 913 2244 sub
946 2162 1113 2269 proprio
1146 2156 1274 2243 titulo
1297 2158 1465 2243 tradari
1501 2176 1717 2263 meretur,
1757 2182 1863 2243 cutn
1899 2157 2104 2244 nonnullas

842 2288 892 2374 do
921 2314 972 2373 eo
1004 2286 1134 2375 felices
1165 2288 1458 2373 obseruationes
1490 2283 1650 2395 huben,
1692 2312 1797 2399 quau
1850 2286 1939 2371 illas
1988 2286 2103 2375 fimul

755 2506 762 2518 ,
840 2418 1049 2526 generales
1081 2416 1349 2525 vegetationis
1381 2416 1523 2524 leges,
1569 2440 1663 2527 quas
1703 2420 1745 2501 in
1783 2415 1942 2502 theoria
1988 2440 2103 2527 geno·

845 2546 1012 2630 rationis
1041 2544 1206 2629 exhibui
1229 2594 1252 2650 ,·
1282 2543 1443 2652 egregio
1475 2544 1685 2631 vindicant
1718 2564 1759 2631 et
1792 2550 1835 2640 iu
1873 2566 1985 2659 parte
2017 2548 2102 2659 qui·

843 2676 938 2759 dem
970 2675 1071 2761 adon
1100 2672 1302 2775 notabili,
1348 2669 1476 2782 qualis
1506 2696 1605 2760 cum
1642 2676 1821 2763 medulla
1851 2676 1997 2785 spinuli
2047 2698 2103 2763 te·

844 2801 1009 2887 rubrum
1042 2804 1131 2920 est,
1182 2805 1369 2913 primum
1403 2805 1527 2887 totius
1571 2804 1769 2890 animalis¹
1811 2805 1998 2910 stamen,
2044 2792 2103 2890 dt?

846 2932 1079 3020 monstrant.
1107 2999 1111 3007 ,
1144 2930 1269 3018 Nunc
1298 2930 1480 3018 indicaffe
1511 2932 1684 3037 sufficit,
1716 2936 1825 3048 quod
1858 2930 1994 3022 atoola
2025 2930 2101 3049 pti·

843 3060 1045 3151 anitiuum
1077 3059 1311 3174 embryouit
1344 3058 1619 3157 habitaculum
1648 3061 1714 3152 lit.

856 3371 862 3378 ·
994 3327 1026 3426 §.
1064 3347 1134 3426 aa.
1168 3322 1245 3412 Sed
1277 3327 1343 3412 uti
1375 3325 1419 3410 in
1451 3321 1596 3438 plantis
1629 3323 1766 3410 foliola
1798 3327 1980 3428 dantur,
2011 3348 2099 3434 qnae

845 3473 926 3532 non
959 3456 1146 3565 perpetui
1183 3455 1276 3540 usus
1308 3455 1431 3562 sunt,
1477 3455 1538 3540 sed
1578 3480 1628 3540 eo
1656 3477 1783 3566 usque
1835 3471 1998 3542 tantum
2043 3453 2098 3534 in·

812 3574 1110 3665 ·uolutrorum
1147 3608 1318 3667 munere
1348 3585 1610 3695 funguntur,
1634 3585 1767 3670 donoc
1797 3582 1960 3666 iuniora
1993 3582 2099 3682 folin,

843 3734 944 3818 quae
974 3711 1219 3818 tontineut,
1250 3711 1484 3816 adolescant,
1507 3733 1609 3818 tum
1646 3709 1895 3824 plerumque
1913 3711 2100 3813 decidunt,

845 3837 1009 3949 ideoque
1042 3869 1064 3924 a
1096 3840 1389 3954 Malnight'uin
1427 3843 1631 3928 anatomia
1679 3840 1917 3950 plantarum
1967 3839 2099 3928 caduca
2221 3943 2222 3948 Ν

845 3973 1073 4074 uocantum
1126 3967 1220 4054 illae
1266 3995 1413 4081 nempe
1466 3965 1733 4080 squamulae,
1783 3994 1889 4079 quae
1928 3987 2098 4076 gemmus

844 4098 1090 4201 inuestiunt3
1140 4099 1198 4181 ita
1245 4123 1407 4210 quoque
1456 4099 1535 4187 hoc
1574 4099 1808 4201 embryonis
1838 4096 2098 4184 habitaculum
2220 4113 2222 4150 ¹

841 4223 918 4308 uix
950 4225 1044 4310 duas
1073 4226 1248 4334 integras
1278 4228 1364 4322 dies
1396 4226 1475 4313 hoc
1515 4226 1701 4314 offitium
1756 4229 1933 4336 praedat.
2023 4221 2102 4310 Die

842 4357 953 4440 enim
1006 4357 1092 4464 ipio
1139 4355 1312 4443 secundo
1360 4379 1461 4440 noua
1513 4358 1596 4442 iam
1646 4354 1750 4439 sedes
1777 4383 1861 4466 ‘pro
1893 4357 2103 4460 embrycno

842 4484 1015 4568 construi
1046 4484 1223 4598 incipit,
1252 4488 1462 4598 quantun
1493 4488 1572 4573 die'
1592 4485 1713 4570 finito
1744 4489 1976 4575 maximam
2010 4506 2103 4595 quoe

914 4644 917 4651 ·
2027 4632 2100 4722 que
