4600 5875
792 654 919 759 ‘374
1208 642 1257 739 D
1289 644 1329 733 E
1391 640 1429 733 C
1461 640 1501 728 V
1533 639 1565 729 P
1597 638 1637 731 R
1668 634 1712 727 Ο

832 913 866 945 -’
971 800 1018 991 ι)
1051 829 1359 985 Pseudogaiona
1374 874 1495 983 nigra
1535 864 1742 955 lamelloh
1795 864 2095 991 Freybergenfia

634 1000 640 1011 ’
828 1010 876 1099 de
907 1008 1130 1097 Lorenn-
1149 1003 1453 1117 Gegeatrum,
1476 997 1617 1113 pyrite
1647 996 1852 1083 arsenicali
1882 998 2068 1111 inspersa

982 1163 1042 1269 d)
1060 1162 1350 1274 Pseudog‘alena
1381 1155 1684 1268 coerulescens,
1734 1155 1803 1241 uel
1835 1160 1976 1269 potius
2006 1158 2096 1247 cha·
2183 1254 2186 1262 ,

681 1339 693 1359 .
828 1200 943 1407 lyhai
976 1296 1128 1385 coloris
1159 1318 1260 1381 eum
1291 1290 1417 1377 uiridi
1450 1307 1660 1375 montano·
1680 1310 1733 1371 ex
1757 1258 1919 1373 Permia
1935 1288 2096 1378 Ruffiae
2151 1394 2154 1399 ¹

928 1468 1001 1572 9.
1037 1486 1080 1569 7.
1115 1466 1308 1554 Cadmiae
1340 1461 1553 1551 fornacum
1586 1463 1731 1575 absque
1763 1461 1960 1551 ulteriore
1989 1451 2107 1554 caiti·

825 1595 998 1684 natione
1029 1594 1229 1697 adiubitae
1258 1599 1361 1681 dunt.
1461 1590 1776 1698 Pseudogaienae
1806 1618 1911 1678 uero
1940 1592 2008 1677 sub
2043 1610 2098 1675 te

834 1723 940 1837 gula·
961 1748 1036 1837 per
1072 1738 1112 1813 8
1147 1712 1270 1814 horas
1300 1722 1464 1809 fortiter
1494 1722 1549 1806 ast
1582 1743 1655 1831 per
1684 1724 1834 1833 gradus
1884 1722 2097 1837 proceden-

833 1854 889 1945 do
920 1850 1228 1944 calcinabantur.
1293 1852 1465 1962 Lapides
1495 1834 1767 1939 calaminares.

987 2008 1030 2128 ι)
1063 2012 1222 2103 Eodem
1256 2010 1382 2099 modo
1412 2010 1694 2098 armabantur
1775 2067 1778 2071 -

985 2164 1033 2287 a)
1068 2168 1211 2259 Fausta
1243 2192 1392 2259 eorum
1425 2154 1622 2253 nonnulla
1662 2124 1755 2253 ante
1804 2164 1920 2253 fiilios
1968 2160 2094 2280 prunis

816 2298 1077 2386 immediate
1108 2300 1256 2385 iniedia
1289 2324 1363 2408 per
1395 2293 1540 2383 horam
1574 2296 1791 2381 dimidiam
1823 2299 1964 2408 primo
2012 2320 2095 2381 ure
2210 2393 2211 2402 Ν

835 2428 1020 2537 bantur,
1070 2430 1204 2540 postea
1255 2450 1396 2537 per
1381 2422 1576 2510 'horae
1608 2442 1756 2510 uentus
1789 2451 1861 2539 per
1895 2424 2008 2510 folles
2034 2421 2094 2543 ad.-
2210 2433 2211 2462 ³

827 2558 1117 2661 mittebatur,
1162 2575 1226 2644 et
1252 2554 1346 2643 inde
1392 2554 1622 2664 magnetica
1671 2556 1727 2643 ast
1771 2582 1854 2643 non
1885 2526 2094 2641 admodum

836 2684 960 2773 iortia
988 2684 1221 2779 madebant

670 2868 674 2877 ·
825 2906 871 2919 ·.
986 2837 1034 2958 a)
1069 2840 1171 2929 Alia
1201 2839 1290 2925 eiua
1322 2838 1445 2928 t‘rusta
1480 2841 1625 2960 eodem
1658 2778 1787 2932 modo
1817 2794 2091 2949 tradebantur,
2211 2845 2212 2924 ἶ

838 2973 902 3078 {ad
935 2995 1010 3086 per
1041 2971 1190 3062 horam
1221 2970 1442 3067 dimidiam
1474 2995 1625 3062 uentus
1665 2999 1739 3088 per
1787 2973 1905 3061 folles
1953 2966 2094 3072 afflaha·
2212 2962 2213 2999 ³

837 3119 909 3188 tur
933 3163 947 3212 ,
972 3163 979 3204 ,.
992 3118 1035 3186 et
1083 3102 1178 3192 inde
1206 3102 1269 3198 1in
1300 3124 1452 3214 eorpus
1483 3103 1842 3192 semimetaliicnm
1874 3102 1946 3189 uel
1975 3104 2091 3215 ponu

835 3229 1082 3344 seoriaceum
1117 3233 1286 3339 nigrum
1318 3231 1478 3319 summe
1511 3236 1793 3345 magneticum
1823 3231 1994 3332 coibant

994 3396 1043 3515 4)
1079 3403 1177 3492 Alia
1226 3405 1276 3491 ad
1324 3402 1550 3517 plenariam
1603 3431 1735 3522 usque
1780 3404 2095 3497 uitrificationenr

839 3527 925 3634 hot
950 3531 1077 3620 modo
1101 3532 1367 3642 ..urgebantur
1434 3535 1556 3622 Vitra
1587 3538 1734 3626 exinde
1738 3537 2014 3646 emergentia
2039 3532 2096 3640 oh

838 3662 954 3747 {cure
982 3660 1128 3750 uiridis
1159 3681 1274 3750 erant
1304 3663 1486 3772 coloris,
1514 3659 1648 3772 dura,
1684 3691 1785 3757 eum
1814 3666 1984 3777 chalybe
2011 3664 2100 3751 sain·

841 3785 951 3876 tillas
981 3791 1172 3901 edentia,
1214 3789 1424 3930 nonnihil
1436 3796 1677 3929 magnetica.
1771 3847 1776 3865 ·

990 3965 1086 4066 §.h
1119 3965 1172 4056 In
1191 3961 1345 4066 satione
1376 3964 1460 4081 ipa
1493 3965 1674 4118 piurima
1702 3993 1758 4058 ex
1789 3989 1941 4084 parte,-
1964 3958 2103 4091 aradae

843 4087 1060 4182 vinosum
1102 4093 1371 4212 proportione
1421 4099 1542 4210 cupri
1588 4116 1631 4185 et
1678 4101 1874 4220 materiae
1923 4096 2106 4188 diutinae.

835 4217 1013 4331 fluonia
1043 4226 1160 4312 crudi
1190 4225 1350 4338 semper
1381 4245 1537 4343 partor
1545 4235 1644 4323 duaa
1674 4237 1726 4324 ad
1774 4215 1957 4348 partem
1989 4249 2108 4374 aaran

846 4349 1001 4460 cupri,
1047 4371 1091 4442 et
1120 4371 1311 4468 quartam
1363 4376 1523 4482 partem
1555 4361 1765 4506 pulueris
1773 4363 1998 4450 carbonum
2028 4353 2113 4471 pini

842 4475 1045 4608 adhibui,
1094 4481 1137 4576 id
1168 4485 1278 4602 quod
1309 4473 1403 4577 ideo
1434 4487 1587 4582 mone‘o
1642 4517 1716 4604 ιιι,Ι
1741 4489 1883 4584 inutiii
1933 4511 2036 4610 upua
2060 4481 2116 4572 fit

1999 4637 2120 4732 ¹⁶9⁸ss
