4600 5875
824 712 953 805 :420
1057 740 1064 755 -
1125 692 1250 781 ‚on
1300 682 1875 798 eonnnrro-nn

859 926 944 1012 illis
975 943 1017 1007 et
1049 922 1329 1026 descendenti,-
1361 920 1624 1009 intermediae
1655 921 1766 1025 sunt,
1795 936 1840 1007 et
1866 939 1965 1027 quas
1993 919 2103 1009 dion

859 1078 984 1142 uenae
1015 1060 1082 1140 sua
1116 1052 1409 1140 ramificatione
1440 1077 1520 1134 non
1556 1069 1761 1157 tangunt,
1800 1049 1959 1163 sanguis
1988 1050 2106 1156 subor·
2222 1103 2223 1142 ι

835 1204 928 1269 tus
959 1184 1103 1291 colligi
1131 1203 1173 1269 et
1207 1207 1332 1269 venae
1365 1177 1573 1262 terminali
1590 1184 1689 1286 dari
1717 1180 1929 1289 ,indeque
1961 1190 2103 1266 rursum
2222 1283 2223 1292 Ν

834 1306 932 1424 sper
964 1315 1187 1399 vitellarras
1219 1336 1338 1397 uenas
1367 1326 1411 1391 et
1437 1310 1738 1415 descendentem
1770 1326 1813 1393 et
1828 1309 2104 1396 adscendentem
2222 1295 2223 1330 l

833 1446 907 1527 ad
943 1469 1090 1531 venam
1123 1466 1266 1529 cauam
1295 1435 1483 1524 deriuari.

648 1643 842 1721 Areaesuc
935 1620 938 1627 ’
1012 1636 1045 1738 §.
1073 1666 1157 1719 21.
1192 1636 1267 1723 Sed
1298 1629 1498 1719 eiusmodi
1531 1655 1657 1743 quem
1686 1634 1734 1720 de
1736 1626 1867 1740 scripsr
1902 1651 2013 1716 areae
2044 1655 2106 1715 ra·

648 1746 786 1817 aeduae
834 1763 1031 1863 ,ΐειιΙοίιιε
1081 1769 1201 1855 slatus
1251 1789 1341 1876 pra
1325 1761 1477 1906 cipue
1513 1786 1535 1843 a
1584 1764 1651 1846 die
1693 1762 1817 1847 tertio
1848 1761 1898 1842 ad
1931 1780 2104 1872 quartum

645 1864 800 2021 ἔξω
860 1893 929 1976 fini
936 1916 1027 1975 tum
1061 1919 1187 2005 rsque
1216 1896 1300 1995 cst,
1352 1886 1481 1999 priori
1515 1903 1700 1999 tempore
1733 1893 1796 1975 vti
1842 1890 1908 1974 die
1958 1892 2106 1975 secundo
2147 1992 2157 2013 ι

623 2114 641 2141 “,
780 2096 805 2105 ..
859 2048 941 2105 non
973 2026 1123 2107 omnia
1143 2025 1240 2106 haec
1275 2016 1363 2105 rasa
1396 2018 1564 2121 adsunt,
1596 2018 1805 2105 succeffiue
1832 2019 2047 2121 oriuntur,
2070 2035 2106 2104 et

768 2192 771 2201 ·
858 2148 1171 2235 carnificationes¹
1202 2148 1251 2234 ad
1283 2146 1394 2231 diem
1428 2142 1589 2230 sextum
1622 2173 1746 2257 usque
1778 2152 1878 2233 adeo
1905 2168 2105 2252 augentur,

701 2353 709 2385 ,
835 2298 906 2361 ,ιι
941 2262 1047 2363 nihil
1077 2283 1156 2365 sere
1189 2278 1372 2363 ornatius
1401 2273 1569 2382 spectari
1599 2278 1719 2385 pollit
1752 2302 1875 2389 qnam
1903 2301 1991 2361 area
2022 2280 2104 2367 uina

857 2404 935 2503 hoc'
971 2392 1162 2525 tempore.
1264 2404 1499 2499 Nonnullae
1535 2408 1669 2490 uariae
1698 2412 1836 2495 aetatis
1866 2428 1974 2489 areas
2017 2404 2104 2489 dcli·

726 2588 727 2593 κ
856 2555 988 2617 neatas
1038 2536 1169 2637 dabo,
1215 2537 1360 2647 quibus
1393 2531 1624 2618 succelsmae
1656 2538 1743 2618 eius
1776 2540 2025 2622 mutationes
2060 2537 2106 2617 sa

854 2662 973 2745 cilius
1005 2665 1326 2769 intelliguntur,
1358 2685 1483 2768 quam
1519 2665 1822 2749 accuratissimis
1849 2663 2108 2795 descriptioni·

610 2879 616 2889 ,
636 2820 746 2917 [Εἰς
762 2828 813 2918 4)
855 2791 957 2880 bus
993 2790 1118 2883 Inter
1152 2796 1286 2902 prima
1318 2789 1400 2874 sere
1435 2784 1626 2876 vasorum
1661 2799 1885 2880 tentamina
1919 2786 2019 2876 ‘vena
2045 2791 2105 2875 acl·

779 2973 810 3016 ι
806 2922 1034 3008 scendens
1062 2922 1115 3006 est
1145 2949 1242 3008 cum
1278 2935 1389 3030 parte
1421 2945 1545 3006 vetrae
1579 2921 1838 3022 terminalis
1877 2945 1967 3002 ceu
2015 2921 2108 3031 peri

825 3123 835 3132 ,.
853 3051 1043 3170 plteriae,
1061 3050 1267 3161 superiori
1328 3047 1453 3158 Saepe
1476 3067 1608 3135 tamen
1630 3076 1792 3163 quoque
1823 3052 1991 3137 inferior
2012 3047 2109 3131 huius

833 3204 979 3266 ¹uenae
1012 3203 1101 3288 pars
1129 3185 1271 3291 prima
1303 3197 1468 3287 apparet
1492 3201 1592 3263 cum
1612 3181 1757 3268 multis
1776 3179 1946 3266 maculis
1963 3181 2108 3286 sangui·
2197 3282 2200 3286 A

854 3312 940 3390 neis
971 3307 1128 3393 fuscis
1119 3335 1162 3390 ιιι
1195 3331 1308 3393 areae
1341 3326 1487 3414 parte,
1522 3305 1592 3390 srbi
1628 3311 1841 3420 proxima,
1872 3308 2109 3410 inconnexis,

832 3409 952 3546 {quae
986 3445 1176 3521 uasorum
1207 3437 1442 3523 rudimenta
1475 3415 1580 3518 lunt
1650 3439 1707 3522 Et
1738 3459 1863 3523 uenae
1894 3432 2109 3520 terminalis

739 3639 750 3660 ,
833 3589 965 3674 ⁴pars
980 3566 1099 3676 ipsa,
1131 3590 1231 3686 quae
1263 3564 1398 3667 adest,
1431 3561 1577 3647 multis
1608 3562 1751 3649 locis
1739 3592 1795 3650 m
1785 3585 1993 3678 errupta,
2025 3589 2110 3648 nus·

832 3716 974 3804 ,quam
1007 3721 1111 3783 cum·
1137 3695 1256 3779 corde
1287 3691 1523 3800 embryonis
1556 3674 1844 3803 communicat.
1923 3693 1927 3701 ’

638 3896 761 3973 areola
834 3931 839 3940 ·
951 3889 1036 3989 ·.§
1074 3910 1145 3971 22.
1198 3882 1273 3973 Sed
1324 3885 1375 3969 ad
1417 3885 1660 3974 druduram
1693 3913 1812 3973 areae
1835 3891 1956 3978 redeo
1986 3889 2112 3991 magis

634 3995 1127 4166 r0¹¹1¹⁰¹s¹²·e·'ffentialem‚
1173 4032 1214 4099 et
1264 4037 1365 4125 quae
1418 4019 1553 4101 minus
1587 4037 1659 4101 aut
1691 4019 1779 4109 uisu
1809 4037 1878 4104 aut
1911 4015 2128 4103 intellectu.

635 4097 827 4271 ξίῗξΡὴίθ
832 4140 975 4227 facilis
1009 4143 1075 4227 est
1141 4143 1248 4229 Area
1281 4136 1480 4228 vasculosa
1516 4136 1704 4230 haetenus
1741 4147 1965 4258 descripta,
2009 4166 2116 4256 quae

635 4301 784 4390 pag,
829 4248 985 4354 colore
1019 4272 1073 4356 est
1104 4295 1156 4355 ex
1190 4274 1299 4357 flauo
1325 4273 1549 4379 albicante,
1599 4275 1780 4386 rasisque
1809 4296 1987 4368 ornata
2033 4297 2118 4359 non

635 4399 792 4497 an)
828 4401 1090 4485 immediate
1116 4405 1379 4506 embryonem
1412 4406 1574 4510 tangit,
1622 4404 1737 4489 sedi
1718 4404 1894 4515 spatium
1931 4406 2037 4490 inter
2079 4403 2120 4487 se

824 4545 890 4664 ¹et
921 4529 1190 4642 embryonem
1224 4530 1453 4645 relinquere
1482 4535 1687 4644 ridetur,
1725 4541 1792 4620 sen
1823 4530 2010 4650 aliquam
2057 4532 2120 4619 sui

2024 4687 2122 4775 pf.
