4600 5875
575 791 580 798 .
641 643 884 756 *etilo
919 630 1083 758 (blesa
1429 664 1497 755 'ta

234 867 502 963 multitudiue
531 840 742 979 obrutas,·
774 891 825 959 st
857 897 936 985 pro
965 872 1050 985 ipsa
1083 886 1225 963 motus
1273 825 1532 992 perturbati*
1600 953 1608 962 .

95 996 99 1005 '
229 1002 561 1102 determinatione
593 1027 742 1114 patum
775 1004 869 1090 inde
900 1001 1004 1090 lucis
1033 1003 1238 1092 affitlserit.
1359 1081 1362 1092 .
1596 1021 1601 1030 '

374 1193 486 1314 Quas
534 1223 631 1290 curn
690 1191 873 1282 molestas
905 1197 1091 1308 ambages
1123 1197 1299 1286 illustris
1328 1199 1496 1289 Eulaeus

86 1352 88 1411 l
177 1333 199 1374 ³
227 1324 311 1438 post
346 1331 480 1416 multa
512 1329 735 1417 tentamina
763 1325 868 1414 lelici
888 1327 1066 1414 'tandem
1100 1330 1350 1450 compendio
1377 1331 1498 1444 supe·

206 1450 415 1567 ''raueritp
460 1457 741 1567 methodum}
760 1456 802 1539 in
837 1460 1033 1568 praesenti
1066 1449 1332 1576 distentatione
1364 1481 1498 1570 expo·

222 1585 282 1670 'nit
312 1587 588 1701 planetarum]
610 1605 749 1671 motus
782 1609 805 1668 a
835 1585 1138 1700 quibuscunque
1195 1587 1351 1672 uiribus
1402 1581 1499 1700 per·
1616 1609 1621 1630 ‘

85 1710 92 1775 Γ
218 1705 405 1802 'turbatos
436 1721 623 1830 expedite
655 1705 698 1832 et
730 1709 812 1798 stne
845 1704 963 1800 omni
996 1715 1298 1803 elementorum
1352 1717 1498 1800 conlu-

222 1843 332 1930 fione
397 1847 443 1932 ad
482 1839 646 1933 'calculi
704 1844 961 1958 astronomici
1013 1831 1216 1931 rationem
1268 1843 1494 1932 reuocandi.

218 1970 338 2062 Duas
388 2001 538 2090 nempe
587 1973 768 2060 intricati·
812 1969 937 2056 huius
986 1975 1141 2083 negotii
1198 1993 1331 2088 partes
1363 1975 1494 2082 facit,

212 2105 502 2193 'mechanicam
539 2130 700 2210 unam,
736 2099 904 2186 alteram
935 2107 1265 2218 geometricam,
1314 2129 1526 2218 quarum.

214 2227 284 2321 illa
324 2237 465 2322 locum
500 2235 713 2344 corporis,
760 2232 810 2315 de
841 2232 955 2314 cuius
986 2253 1106 2317 rnotu
1151 2236 1396 2344 quaeritur,
1444 2234 1495 2318 ad

212 2351 392 2476 quo-duis
429 2386 592 2478 tempus
623 2385 697 2477 per
731 2380 811 2444 tres
841 2360 1093 2446 coordinatas
1126 2363 1191 2446 ad¹
1225 2365 1263 2447 se
1313 2365 1495 2448 inuicem

211 2496 425 2581 normales
458 2495 661 2596 delinire,
688 2485 784 2574 baec
817 2508 918 2573 uero
948 2486 1038 2573 loca
1073 2491 1199 2576 rnodo
1233 2492 1398 2609 inuenta
1421 2516 1495 2604 per
1605 2518 1608 2524 ·

109 2647 114 2662 ·
211 2611 496 2730 longitudines
530 2641 585 2709 et
634 2617 869 2704 latitudines
921 2642 1036 2703 neore
1089 2619 1197 2702 inter
1241 2619 1493 2707 astronomot

212 2773 385 2865 recepto
415 2751 649 2864 exprimere
679 2747 806 2832 docet.
904 2745 1095 2844 Definitu
1128 2747 1277 2836 scilicet
1311 2773 1382 2862 per
1414 2743 1494 2836 tre's'

212 2883 469 2970 coordinatas
497 2875 679 2987 corporls
708 2892 865 2977 motu,
897 2897 1004 2957 noua
1035 2875 1086 2961 iis
1118 2872 1349 2993 elementa,
1398 2875 1494 2967 lon-

214 3013 366 3120 gitudo
398 3030 547 3116 nempe
578 3004 708 3086 lineae
741 3000 981 3100 nodorum,
1026 2996 1239 3089 inclinatio
1266 3008 1418 3091 orbitae
1449 3026 1492 3093 et

212 3136 513 3249 argumentum
546 3127 809 3232 latitudinis,
857 3124 1191 3237 substituuntur.,‘
1230 3154 1409 3243 quorum
1444 3135 1492 3221 ad

213 3286 298 3355 tres
331 3268 421 3352 istas
452 3264 699 3353 coordinata
730 3256 876 3341 relatio
906 3256 951 3339 in
977 3274 1098 3370 parte
1131 3264 1378 3388 geometrica
1406 3280 1492 3348 tra·

211 3397 344 3483 ditur.

355 3580 560 3679 Resoluta
591 3586 721 3695 igitur
753 3580 801 3677 ui
834 3575 1124 3692 perturbatrice
1152 3578 1376 3671 secundum
1423 3583 1489 3671 di·

209 3715 414 3806 rectiones
446 3720 575 3802 trium
609 3712 970 3815 coordinatorum
1015 3734 1113 3793 cum
1144 3713 1274 3798 tribus
1307 3715 1386 3798 illis
1417 3716 1486 3800 ui·

206 3850 332 3934 ribus
365 3850 422 3931 ita
463 3847 638 3933 inuentis
686 3836 989 3931 accelerationes
1035 3840 1218 3949 corporis
1268 3840 1488 3929 secundum

92 4001 96 4010 ’
206 3983 373 4067 easdem
405 3973 644 4064 directiones
677 3972 757 4060 lint
788 3968 1127 4081 proportionales:
1163 3974 1361 4085 principia
1398 3996 1489 4065 me·

83 4109 84 4114 '
206 4107 380 4195 chaoica
422 4123 501 4191 tres
548 4103 736 4216 praebent
784 4096 1038 4211 aequationes
1087 4097 1316 4217 differentio
1334 4146 1354 4167 ·
1372 4100 1487 4187 diffe-
1576 4106 1578 4116 ’

206 4237 444 4343 sentines,
488 4259 592 4347 quae
625 4235 795 4323 totidem
829 4246 972 4315 motus
1002 4228 1356 4319 determinationes
1387 4257 1488 4319 con·

208 4372 381 4475 tinent,
429 4368 475 4451 in
524 4366 665 4477 quibus
714 4354 933 4457 commode
974 4358 1065 4447 inde
1097 4362 1327 4449 detinendis
1360 4388 1486 4449 omne

206 4496 386 4586 confidit
417 4494 679 4586 artificium..
742 4491 857 4581 Cum
887 4486 1030 4601 igitur,
1049 4486 1307 4605 planetarum
1342 4509 1486 4583 motus

268 4622 821 4719 Tom.X11.Nou.Comm
1026 4620 1083 4705 ε’
1160 4621 1168 4629 “
1379 4617 1485 4706 irre·
