<?xml version="1.0" encoding="UTF-8"?>
<!DOCTYPE html PUBLIC "-//W3C//DTD XHTML 1.0 Transitional//EN"
    "http://www.w3.org/TR/xhtml1/DTD/xhtml1-transitional.dtd">
<html xmlns="http://www.w3.org/1999/xhtml" xml:lang="en" lang="en">
 <head>
  <title>
</title>
<meta http-equiv="Content-Type" content="text/html;charset=utf-8" />
  <meta name='ocr-system' content='tesseract 3.04.00' />
  <meta name='ocr-capabilities' content='ocr_page ocr_carea ocr_par ocr_line ocrx_word'/>
</head>
<body>
  <div class='ocr_page' id='page_1' title='image "./novicommentarii00sssrgoog/novicommentarii00sssrgoog_0179.png"; bbox 0 0 4600 5875; ppageno 0'>
   <div class='ocr_carea' id='block_1_1' title="bbox 796 580 1751 746">
    <p class='ocr_par' dir='ltr' id='par_1_1' title="bbox 796 580 1751 746">
     <span class='ocr_line' id='line_1_1' title="bbox 796 580 1751 746; baseline -0.008 -6"><span class='ocrx_word' id='word_1_1' title='bbox 796 669 884 746; x_wconf 62' lang='lat' dir='ltr'>rm</span> <span class='ocrx_word' id='word_1_2' title='bbox 1080 648 1184 737; x_wconf 83' lang='lat' dir='ltr'>nn</span> <span class='ocrx_word' id='word_1_3' title='bbox 1246 592 1751 734; x_wconf 78' lang='lat' dir='ltr'>nvuarronn</span> 
     </span>
    </p>
   </div>
   <div class='ocr_carea' id='block_1_2' title="bbox 789 869 2061 986">
    <p class='ocr_par' dir='ltr' id='par_1_2' title="bbox 789 869 2061 986">
     <span class='ocr_line' id='line_1_2' title="bbox 789 869 2061 986; baseline -0.009 -14"><span class='ocrx_word' id='word_1_4' title='bbox 789 905 860 972; x_wconf 85' lang='lat' dir='ltr'>rus</span> <span class='ocrx_word' id='word_1_5' title='bbox 889 876 1109 965; x_wconf 82' lang='lat' dir='ltr'>uiduarum</span> <span class='ocrx_word' id='word_1_6' title='bbox 1143 875 1405 986; x_wconf 77' lang='lat' dir='ltr'>superstitum</span> <span class='ocrx_word' id='word_1_7' title='bbox 1438 888 1621 955; x_wconf 69' lang='grc' dir='ltr'>..τι-κ.</span> <span class='ocrx_word' id='word_1_8' title='bbox 1701 869 1777 956; x_wconf 87' lang='lat' dir='ltr'>llis</span> <span class='ocrx_word' id='word_1_9' title='bbox 1808 869 1867 956; x_wconf 89' lang='lat' dir='ltr'>ita</span> <span class='ocrx_word' id='word_1_10' title='bbox 1899 873 2061 960; x_wconf 80' lang='lat' dir='ltr'>consti-</span> 
     </span>
    </p>
   </div>
   <div class='ocr_carea' id='block_1_3' title="bbox 791 999 2211 1118">
    <p class='ocr_par' dir='ltr' id='par_1_3' title="bbox 791 999 2211 1118">
     <span class='ocr_line' id='line_1_3' title="bbox 791 999 2211 1118; baseline -0.004 -28"><span class='ocrx_word' id='word_1_11' title='bbox 791 1011 892 1102; x_wconf 86' lang='lat' dir='ltr'>tutis</span> <span class='ocrx_word' id='word_1_12' title='bbox 940 1005 1305 1118; x_wconf 87' lang='lat' dir='ltr'>demonstrauimus</span> <span class='ocrx_word' id='word_1_13' title='bbox 1351 1003 1397 1085; x_wconf 93' lang='lat' dir='ltr'>in</span> <span class='ocrx_word' id='word_1_14' title='bbox 1445 999 1527 1084; x_wconf 86' lang='lat' dir='ltr'>fine</span> <span class='ocrx_word' id='word_1_15' title='bbox 1593 999 1834 1111; x_wconf 77' lang='lat' dir='ltr'><strong>paragraphi</strong></span> <span class='ocrx_word' id='word_1_16' title='bbox 1891 1004 2061 1116; x_wconf 82' lang='lat' dir='ltr'>septimi</span> <span class='ocrx_word' id='word_1_17' title='bbox 2122 1028 2126 1033; x_wconf 51' lang='lat'><strong><em>⁴</em></strong></span> <span class='ocrx_word' id='word_1_18' title='bbox 2210 1034 2211 1103; x_wconf 70' lang='lat' dir='ltr'>l</span> 
     </span>
    </p>
   </div>
   <div class='ocr_carea' id='block_1_4' title="bbox 787 1125 2062 1897">
    <p class='ocr_par' dir='ltr' id='par_1_4' title="bbox 787 1125 2062 1897">
     <span class='ocr_line' id='line_1_4' title="bbox 789 1125 2059 1247; baseline -0.008 -24"><span class='ocrx_word' id='word_1_19' title='bbox 789 1135 1016 1247; x_wconf 83' lang='lat' dir='ltr'>speciminis</span> <span class='ocrx_word' id='word_1_20' title='bbox 1047 1133 1171 1217; x_wconf 84' lang='lat' dir='ltr'>nostri</span> <span class='ocrx_word' id='word_1_21' title='bbox 1203 1128 1499 1243; x_wconf 85' lang='lat' dir='ltr'>praeliminaris</span> <span class='ocrx_word' id='word_1_22' title='bbox 1528 1125 1577 1232; x_wconf 78' lang='lat' dir='ltr'>de</span> <span class='ocrx_word' id='word_1_23' title='bbox 1606 1125 1674 1241; x_wconf 84' lang='lat' dir='ltr'>osu</span> <span class='ocrx_word' id='word_1_24' title='bbox 1705 1126 1924 1238; x_wconf 69' lang='lat' dir='ltr'>algorrium</span> <span class='ocrx_word' id='word_1_25' title='bbox 1964 1132 2059 1238; x_wconf 73' lang='lat' dir='ltr'>irps-</span> 
     </span>
     <span class='ocr_line' id='line_1_5' title="bbox 793 1249 2062 1386; baseline -0.005 -24"><span class='ocrx_word' id='word_1_26' title='bbox 793 1274 1008 1386; x_wconf 76' lang='lat' dir='ltr'>nirefimoltr</span> <span class='ocrx_word' id='word_1_27' title='bbox 1040 1278 1079 1358; x_wconf 85' lang='lat' dir='ltr'>in</span> <span class='ocrx_word' id='word_1_28' title='bbox 1108 1291 1198 1358; x_wconf 81' lang='lat' dir='ltr'>arte</span> <span class='ocrx_word' id='word_1_29' title='bbox 1228 1271 1492 1377; x_wconf 67' lang='lat' dir='ltr'>contenenda,</span> <span class='ocrx_word' id='word_1_30' title='bbox 1535 1275 1622 1358; x_wconf 85' lang='lat' dir='ltr'>fore</span> <span class='ocrx_word' id='word_1_31' title='bbox 1666 1249 1823 1378; x_wconf 43' lang='lat' dir='ltr'><strong><em>xz‘ff.</em></strong></span> <span class='ocrx_word' id='word_1_32' title='bbox 1898 1269 2062 1377; x_wconf 84' lang='lat' dir='ltr'>Cogni-</span> 
     </span>
     <span class='ocr_line' id='line_1_6' title="bbox 791 1395 2060 1518; baseline -0.004 -29"><span class='ocrx_word' id='word_1_33' title='bbox 791 1395 845 1489; x_wconf 86' lang='lat' dir='ltr'>tis</span> <span class='ocrx_word' id='word_1_34' title='bbox 894 1410 1031 1513; x_wconf 86' lang='lat' dir='ltr'>itaque</span> <span class='ocrx_word' id='word_1_35' title='bbox 1062 1417 1149 1518; x_wconf 82' lang='lat' dir='ltr'>aut</span> <span class='ocrx_word' id='word_1_36' title='bbox 1196 1402 1300 1489; x_wconf 83' lang='lat' dir='ltr'>datis</span> <span class='ocrx_word' id='word_1_37' title='bbox 1350 1401 1538 1484; x_wconf 87' lang='lat' dir='ltr'>numeris</span> <span class='ocrx_word' id='word_1_38' title='bbox 1587 1427 1610 1484; x_wconf 87' lang='lat' dir='ltr'>s</span> <span class='ocrx_word' id='word_1_39' title='bbox 1658 1416 1702 1484; x_wconf 91' lang='lat' dir='ltr'>et</span> <span class='ocrx_word' id='word_1_40' title='bbox 1740 1416 1759 1482; x_wconf 83' lang='lat' dir='ltr'>t</span> <span class='ocrx_word' id='word_1_41' title='bbox 1799 1399 2060 1485; x_wconf 80' lang='lat' dir='ltr'>innotescunt</span> 
     </span>
     <span class='ocr_line' id='line_1_7' title="bbox 793 1532 1950 1639; baseline -0.007 -21"><span class='ocrx_word' id='word_1_42' title='bbox 793 1532 946 1618; x_wconf 89' lang='lat' dir='ltr'>omnia.</span> <span class='ocrx_word' id='word_1_43' title='bbox 1583 1634 1585 1639; x_wconf 66' lang='lat'>,</span> <span class='ocrx_word' id='word_1_44' title='bbox 1880 1607 1884 1612; x_wconf 81' lang='grc'>,</span> <span class='ocrx_word' id='word_1_45' title='bbox 1947 1601 1950 1608; x_wconf 95' lang='grc'>.</span> 
     </span>
     <span class='ocr_line' id='line_1_8' title="bbox 941 1652 2061 1764; baseline 0.001 -22"><span class='ocrx_word' id='word_1_46' title='bbox 941 1659 1053 1742; x_wconf 88' lang='lat' dir='ltr'>Patet</span> <span class='ocrx_word' id='word_1_47' title='bbox 1086 1657 1203 1763; x_wconf 84' lang='lat' dir='ltr'>inde,</span> <span class='ocrx_word' id='word_1_48' title='bbox 1234 1681 1316 1743; x_wconf 92' lang='lat' dir='ltr'>non</span> <span class='ocrx_word' id='word_1_49' title='bbox 1354 1655 1499 1740; x_wconf 82' lang='lat' dir='ltr'>necesse</span> <span class='ocrx_word' id='word_1_50' title='bbox 1530 1654 1640 1764; x_wconf 82' lang='lat' dir='ltr'>elle,</span> <span class='ocrx_word' id='word_1_51' title='bbox 1670 1673 1720 1740; x_wconf 75' lang='lat' dir='ltr'>ut</span> <span class='ocrx_word' id='word_1_52' title='bbox 1750 1652 1902 1739; x_wconf 70' lang='lat' dir='ltr'>diresie</span> <span class='ocrx_word' id='word_1_53' title='bbox 1947 1657 2061 1744; x_wconf 88' lang='lat' dir='ltr'>ratio</span> 
     </span>
     <span class='ocr_line' id='line_1_9' title="bbox 787 1785 2062 1897; baseline -0.005 -20"><span class='ocrx_word' id='word_1_54' title='bbox 787 1787 985 1877; x_wconf 78' lang='lat' dir='ltr'>&#39;habeatur</span> <span class='ocrx_word' id='word_1_55' title='bbox 1017 1785 1193 1869; x_wconf 88' lang='lat' dir='ltr'>diuersae</span> <span class='ocrx_word' id='word_1_56' title='bbox 1224 1788 1268 1870; x_wconf 88' lang='lat' dir='ltr'>in</span> <span class='ocrx_word' id='word_1_57' title='bbox 1298 1785 1458 1885; x_wconf 86' lang='lat' dir='ltr'>diuerso</span> <span class='ocrx_word' id='word_1_58' title='bbox 1487 1786 1583 1889; x_wconf 79' lang='lat' dir='ltr'>sexu</span> <span class='ocrx_word' id='word_1_59' title='bbox 1615 1785 1910 1890; x_wconf 74' lang='lat' dir='ltr'>mortalitatis,</span> <span class='ocrx_word' id='word_1_60' title='bbox 1955 1808 2062 1897; x_wconf 76' lang='lat' dir='ltr'>quae</span> 
     </span>
    </p>
   </div>
   <div class='ocr_carea' id='block_1_5' title="bbox 2206 966 2211 1025">
    <p class='ocr_par' dir='ltr' id='par_1_5' title="bbox 2206 966 2211 1025">
     <span class='ocr_line' id='line_1_10' title="bbox 2206 966 2211 1025; baseline 0 0"><span class='ocrx_word' id='word_1_61' title='bbox 2206 966 2211 1025; x_wconf 88' lang='lat' dir='ltr'>l</span> 
     </span>
    </p>
   </div>
   <div class='ocr_carea' id='block_1_6' title="bbox 795 1910 2210 2024">
    <p class='ocr_par' dir='ltr' id='par_1_6' title="bbox 795 1910 2210 2024">
     <span class='ocr_line' id='line_1_11' title="bbox 795 1910 2210 2024; baseline 0.004 -27"><span class='ocrx_word' id='word_1_62' title='bbox 795 1915 844 1998; x_wconf 87' lang='lat' dir='ltr'>ab</span> <span class='ocrx_word' id='word_1_63' title='bbox 874 1917 1017 2000; x_wconf 87' lang='lat' dir='ltr'>aetatis</span> <span class='ocrx_word' id='word_1_64' title='bbox 1045 1911 1277 1999; x_wconf 84' lang='lat' dir='ltr'>diuersitate</span> <span class='ocrx_word' id='word_1_65' title='bbox 1323 1919 1491 2016; x_wconf 89' lang='lat' dir='ltr'>oritur;</span> <span class='ocrx_word' id='word_1_66' title='bbox 1538 1910 1741 2024; x_wconf 83' lang='lat' dir='ltr'>implicite</span> <span class='ocrx_word' id='word_1_67' title='bbox 1791 1931 1928 2000; x_wconf 88' lang='lat' dir='ltr'>tamen</span> <span class='ocrx_word' id='word_1_68' title='bbox 1978 1913 2060 2002; x_wconf 88' lang='lat' dir='ltr'>hoc</span> <span class='ocrx_word' id='word_1_69' title='bbox 2206 1970 2210 2023; x_wconf 36' lang='grc' dir='ltr'>ἢ</span> 
     </span>
    </p>
   </div>
   <div class='ocr_carea' id='block_1_7' title="bbox 794 2025 2209 2280">
    <p class='ocr_par' dir='ltr' id='par_1_7' title="bbox 794 2025 2209 2280">
     <span class='ocr_line' id='line_1_12' title="bbox 794 2025 2209 2152; baseline 0.001 -24"><span class='ocrx_word' id='word_1_70' title='bbox 794 2042 949 2128; x_wconf 76' lang='lat' dir='ltr'>factm</span> <span class='ocrx_word' id='word_1_71' title='bbox 997 2041 1110 2126; x_wconf 80' lang='lat' dir='ltr'>fluisse</span> <span class='ocrx_word' id='word_1_72' title='bbox 1160 2065 1285 2125; x_wconf 90' lang='lat' dir='ltr'>nemo</span> <span class='ocrx_word' id='word_1_73' title='bbox 1314 2067 1396 2127; x_wconf 92' lang='lat' dir='ltr'>non</span> <span class='ocrx_word' id='word_1_74' title='bbox 1437 2043 1554 2127; x_wconf 78' lang='lat' dir='ltr'>uidet</span> <span class='ocrx_word' id='word_1_75' title='bbox 1580 2065 1634 2123; x_wconf 86' lang='lat' dir='ltr'>ex</span> <span class='ocrx_word' id='word_1_76' title='bbox 1664 2066 1741 2147; x_wconf 88' lang='lat' dir='ltr'>eo,</span> <span class='ocrx_word' id='word_1_77' title='bbox 1772 2043 1881 2152; x_wconf 88' lang='lat' dir='ltr'>quod</span> <span class='ocrx_word' id='word_1_78' title='bbox 1912 2037 2062 2128; x_wconf 84' lang='lat' dir='ltr'>relatio</span> <span class='ocrx_word' id='word_1_79' title='bbox 2203 2025 2209 2051; x_wconf 84' lang='grc'><strong>’</strong></span> 
     </span>
     <span class='ocr_line' id='line_1_13' title="bbox 795 2168 2206 2280; baseline -0.004 -24"><span class='ocrx_word' id='word_1_80' title='bbox 795 2173 1044 2280; x_wconf 82' lang='lat' dir='ltr'>supponatur</span> <span class='ocrx_word' id='word_1_81' title='bbox 1078 2172 1183 2255; x_wconf 85' lang='lat' dir='ltr'>inter</span> <span class='ocrx_word' id='word_1_82' title='bbox 1241 2192 1432 2254; x_wconf 85' lang='lat' dir='ltr'>numeros</span> <span class='ocrx_word' id='word_1_83' title='bbox 1480 2196 1503 2253; x_wconf 87' lang='lat' dir='ltr'>t</span> <span class='ocrx_word' id='word_1_84' title='bbox 1551 2184 1593 2251; x_wconf 91' lang='lat' dir='ltr'>et</span> <span class='ocrx_word' id='word_1_85' title='bbox 1641 2185 1685 2273; x_wconf 80' lang='lat' dir='ltr'>t,</span> <span class='ocrx_word' id='word_1_86' title='bbox 1734 2194 1835 2278; x_wconf 87' lang='lat' dir='ltr'>quae</span> <span class='ocrx_word' id='word_1_87' title='bbox 1885 2168 2064 2254; x_wconf 85' lang='lat' dir='ltr'>diuersas</span> <span class='ocrx_word' id='word_1_88' title='bbox 2202 2230 2206 2277; x_wconf 77' lang='lat' dir='ltr'>z</span> 
     </span>
    </p>
   </div>
   <div class='ocr_carea' id='block_1_8' title="bbox 796 2293 2065 2535">
    <p class='ocr_par' dir='ltr' id='par_1_8' title="bbox 796 2293 2065 2535">
     <span class='ocr_line' id='line_1_14' title="bbox 796 2293 2065 2408; baseline 0 -28"><span class='ocrx_word' id='word_1_89' title='bbox 796 2296 1066 2383; x_wconf 83' lang='lat' dir='ltr'>mortalitates</span> <span class='ocrx_word' id='word_1_90' title='bbox 1099 2293 1308 2382; x_wconf 78' lang='lat' dir='ltr'>neceuirio</span> <span class='ocrx_word' id='word_1_91' title='bbox 1338 2294 1541 2383; x_wconf 80' lang='lat' dir='ltr'>inuoluit:</span> <span class='ocrx_word' id='word_1_92' title='bbox 1571 2297 1670 2408; x_wconf 90' lang='lat' dir='ltr'>quin</span> <span class='ocrx_word' id='word_1_93' title='bbox 1704 2294 1878 2399; x_wconf 87' lang='lat' dir='ltr'>formula</span> <span class='ocrx_word' id='word_1_94' title='bbox 1910 2302 2065 2404; x_wconf 88' lang='lat' dir='ltr'>noslra,</span> 
     </span>
     <span class='ocr_line' id='line_1_15' title="bbox 796 2421 2064 2535; baseline 0.005 -30"><span class='ocrx_word' id='word_1_95' title='bbox 796 2427 988 2535; x_wconf 85' lang='lat' dir='ltr'>quamuis</span> <span class='ocrx_word' id='word_1_96' title='bbox 1036 2421 1358 2532; x_wconf 80' lang='lat' dir='ltr'>simplicissima,</span> <span class='ocrx_word' id='word_1_97' title='bbox 1407 2425 1464 2510; x_wconf 88' lang='lat' dir='ltr'>ita</span> <span class='ocrx_word' id='word_1_98' title='bbox 1496 2425 1552 2508; x_wconf 92' lang='lat' dir='ltr'>est</span> <span class='ocrx_word' id='word_1_99' title='bbox 1581 2422 1817 2532; x_wconf 84' lang='lat' dir='ltr'>generalis,</span> <span class='ocrx_word' id='word_1_100' title='bbox 1854 2441 1905 2507; x_wconf 79' lang='lat' dir='ltr'>ut</span> <span class='ocrx_word' id='word_1_101' title='bbox 1933 2425 2064 2511; x_wconf 86' lang='lat' dir='ltr'>simul</span> 
     </span>
    </p>
   </div>
   <div class='ocr_carea' id='block_1_9' title="bbox 796 2513 2204 2666">
    <p class='ocr_par' dir='ltr' id='par_1_9' title="bbox 796 2513 2204 2666">
     <span class='ocr_line' id='line_1_16' title="bbox 796 2513 2204 2666; baseline -0.007 -32"><span class='ocrx_word' id='word_1_102' title='bbox 796 2555 923 2635; x_wconf 87' lang='lat' dir='ltr'>etiam</span> <span class='ocrx_word' id='word_1_103' title='bbox 957 2552 1063 2636; x_wconf 88' lang='lat' dir='ltr'>ratio</span> <span class='ocrx_word' id='word_1_104' title='bbox 1093 2549 1227 2636; x_wconf 88' lang='lat' dir='ltr'>haberi</span> <span class='ocrx_word' id='word_1_105' title='bbox 1260 2552 1379 2666; x_wconf 82' lang='lat' dir='ltr'>ppffit</span> <span class='ocrx_word' id='word_1_106' title='bbox 1418 2550 1584 2638; x_wconf 87' lang='lat' dir='ltr'>alterius</span> <span class='ocrx_word' id='word_1_107' title='bbox 1635 2553 1898 2650; x_wconf 82' lang='lat' dir='ltr'>mortalitatis</span> <span class='ocrx_word' id='word_1_108' title='bbox 1945 2557 2065 2643; x_wconf 81' lang='lat' dir='ltr'>diffe.</span> <span class='ocrx_word' id='word_1_109' title='bbox 2198 2513 2204 2589; x_wconf 51' lang='grc' dir='ltr'>Ξ</span> 
     </span>
    </p>
   </div>
   <div class='ocr_carea' id='block_1_10' title="bbox 726 2679 2066 2792">
    <p class='ocr_par' dir='ltr' id='par_1_10' title="bbox 726 2679 2066 2792">
     <span class='ocr_line' id='line_1_17' title="bbox 726 2679 2066 2792; baseline 0.006 -30"><span class='ocrx_word' id='word_1_110' title='bbox 726 2705 738 2732; x_wconf 86' lang='grc'><em>·</em></span> <span class='ocrx_word' id='word_1_111' title='bbox 798 2679 972 2788; x_wconf 83' lang='lat' dir='ltr'>tentiae,</span> <span class='ocrx_word' id='word_1_112' title='bbox 1002 2703 1105 2792; x_wconf 87' lang='lat' dir='ltr'>quae</span> <span class='ocrx_word' id='word_1_113' title='bbox 1137 2706 1160 2765; x_wconf 84' lang='lat' dir='ltr'>a</span> <span class='ocrx_word' id='word_1_114' title='bbox 1189 2679 1420 2766; x_wconf 89' lang='lat' dir='ltr'>diuersitate</span> <span class='ocrx_word' id='word_1_115' title='bbox 1451 2681 1566 2766; x_wconf 82' lang='lat' dir='ltr'>sexus</span> <span class='ocrx_word' id='word_1_116' title='bbox 1597 2682 1803 2789; x_wconf 82' lang='lat' dir='ltr'>originem</span> <span class='ocrx_word' id='word_1_117' title='bbox 1833 2681 1976 2789; x_wconf 89' lang='lat' dir='ltr'>ducit,</span> <span class='ocrx_word' id='word_1_118' title='bbox 2008 2685 2066 2770; x_wconf 85' lang='lat' dir='ltr'>fi·</span> 
     </span>
    </p>
   </div>
   <div class='ocr_carea' id='block_1_11' title="bbox 797 2795 2201 2927">
    <p class='ocr_par' dir='ltr' id='par_1_11' title="bbox 797 2795 2201 2927">
     <span class='ocr_line' id='line_1_18' title="bbox 797 2795 2201 2927; baseline 0.006 -38"><span class='ocrx_word' id='word_1_119' title='bbox 797 2808 966 2920; x_wconf 84' lang='lat' dir='ltr'>quidem</span> <span class='ocrx_word' id='word_1_120' title='bbox 998 2834 1080 2893; x_wconf 92' lang='lat' dir='ltr'>non</span> <span class='ocrx_word' id='word_1_121' title='bbox 1108 2807 1297 2895; x_wconf 85' lang='lat' dir='ltr'>deficiant</span> <span class='ocrx_word' id='word_1_122' title='bbox 1328 2807 1484 2894; x_wconf 86' lang='lat' dir='ltr'>tabulae</span> <span class='ocrx_word' id='word_1_123' title='bbox 1518 2808 1775 2917; x_wconf 89' lang='lat' dir='ltr'>mortuales,</span> <span class='ocrx_word' id='word_1_124' title='bbox 1820 2814 1964 2927; x_wconf 90' lang='lat' dir='ltr'>quibus</span> <span class='ocrx_word' id='word_1_125' title='bbox 1995 2816 2065 2900; x_wconf 82' lang='lat' dir='ltr'>ui·</span> <span class='ocrx_word' id='word_1_126' title='bbox 2150 2795 2156 2808; x_wconf 55' lang='lat'>⁸</span> <span class='ocrx_word' id='word_1_127' title='bbox 2195 2820 2201 2897; x_wconf 77' lang='lat' dir='ltr'>J</span> 
     </span>
    </p>
   </div>
   <div class='ocr_carea' id='block_1_12' title="bbox 803 2935 2068 3051">
    <p class='ocr_par' dir='ltr' id='par_1_12' title="bbox 803 2935 2068 3051">
     <span class='ocr_line' id='line_1_19' title="bbox 803 2935 2068 3051; baseline 0.008 -32"><span class='ocrx_word' id='word_1_128' title='bbox 803 2941 843 3022; x_wconf 90' lang='lat' dir='ltr'>ri</span> <span class='ocrx_word' id='word_1_129' title='bbox 874 2962 897 3023; x_wconf 87' lang='lat' dir='ltr'>a</span> <span class='ocrx_word' id='word_1_130' title='bbox 929 2938 1117 3023; x_wconf 83' lang='lat' dir='ltr'>foeminis</span> <span class='ocrx_word' id='word_1_131' title='bbox 1150 2935 1230 3021; x_wconf 84' lang='lat' dir='ltr'>sint</span> <span class='ocrx_word' id='word_1_132' title='bbox 1262 2938 1453 3024; x_wconf 77' lang='lat' dir='ltr'>distinsii.</span> <span class='ocrx_word' id='word_1_133' title='bbox 1529 2942 1597 3039; x_wconf 44' lang='lat' dir='ltr'>Vt,</span> <span class='ocrx_word' id='word_1_134' title='bbox 1620 2963 1722 3024; x_wconf 83' lang='lat' dir='ltr'>vero</span> <span class='ocrx_word' id='word_1_135' title='bbox 1755 2964 1880 3051; x_wconf 87' lang='lat' dir='ltr'>porro</span> <span class='ocrx_word' id='word_1_136' title='bbox 1913 2943 2068 3032; x_wconf 82' lang='lat' dir='ltr'>tabulas</span> 
     </span>
    </p>
   </div>
   <div class='ocr_carea' id='block_1_13' title="bbox 799 3062 2201 3429">
    <p class='ocr_par' dir='ltr' id='par_1_13' title="bbox 799 3062 2201 3429">
     <span class='ocr_line' id='line_1_20' title="bbox 799 3062 2201 3196; baseline 0.006 -47"><span class='ocrx_word' id='word_1_137' title='bbox 799 3063 1028 3153; x_wconf 71' lang='lat' dir='ltr'>Halkionot</span> <span class='ocrx_word' id='word_1_138' title='bbox 1060 3062 1246 3153; x_wconf 84' lang='lat' dir='ltr'>adhibere</span> <span class='ocrx_word' id='word_1_139' title='bbox 1278 3067 1507 3175; x_wconf 81' lang='lat' dir='ltr'>possimus,</span> <span class='ocrx_word' id='word_1_140' title='bbox 1555 3065 1681 3153; x_wconf 91' lang='lat' dir='ltr'>solam</span> <span class='ocrx_word' id='word_1_141' title='bbox 1711 3065 1830 3154; x_wconf 90' lang='lat' dir='ltr'>illam</span> <span class='ocrx_word' id='word_1_142' title='bbox 1874 3073 2069 3157; x_wconf 72' lang='lat' dir='ltr'>mortali·</span> <span class='ocrx_word' id='word_1_143' title='bbox 2190 3071 2201 3196; x_wconf 72' lang='grc' dir='ltr'>’ξ</span> 
     </span>
     <span class='ocr_line' id='line_1_21' title="bbox 800 3189 2200 3305; baseline 0.009 -28"><span class='ocrx_word' id='word_1_144' title='bbox 800 3194 894 3277; x_wconf 88' lang='lat' dir='ltr'>tatis</span> <span class='ocrx_word' id='word_1_145' title='bbox 921 3189 1218 3277; x_wconf 24' lang='lat' dir='ltr'>,diuersstatem</span> <span class='ocrx_word' id='word_1_146' title='bbox 1270 3193 1640 3299; x_wconf 87' lang='lat' dir='ltr'>considerabimus,</span> <span class='ocrx_word' id='word_1_147' title='bbox 1689 3219 1791 3305; x_wconf 84' lang='lat' dir='ltr'>quae</span> <span class='ocrx_word' id='word_1_148' title='bbox 1839 3198 2066 3288; x_wconf 82' lang='lat' dir='ltr'>diuersitati</span> <span class='ocrx_word' id='word_1_149' title='bbox 2196 3209 2200 3290; x_wconf 75' lang='grc' dir='ltr'>ἶ</span> 
     </span>
     <span class='ocr_line' id='line_1_22' title="bbox 801 3317 2200 3429; baseline 0.009 -27"><span class='ocrx_word' id='word_1_150' title='bbox 801 3317 941 3403; x_wconf 84' lang='lat' dir='ltr'>aetatis</span> <span class='ocrx_word' id='word_1_151' title='bbox 973 3318 1168 3426; x_wconf 87' lang='lat' dir='ltr'>debetur,</span> <span class='ocrx_word' id='word_1_152' title='bbox 1222 3321 1333 3429; x_wconf 91' lang='lat' dir='ltr'>quod</span> <span class='ocrx_word' id='word_1_153' title='bbox 1362 3323 1471 3406; x_wconf 88' lang='lat' dir='ltr'>idem</span> <span class='ocrx_word' id='word_1_154' title='bbox 1500 3322 1666 3407; x_wconf 82' lang='lat' dir='ltr'>lecimus</span> <span class='ocrx_word' id='word_1_155' title='bbox 1695 3349 1794 3407; x_wconf 90' lang='lat' dir='ltr'>cum</span> <span class='ocrx_word' id='word_1_156' title='bbox 1824 3328 1873 3410; x_wconf 89' lang='lat' dir='ltr'>de</span> <span class='ocrx_word' id='word_1_157' title='bbox 1918 3330 2068 3413; x_wconf 88' lang='lat' dir='ltr'>matri·</span> <span class='ocrx_word' id='word_1_158' title='bbox 2199 3327 2200 3330; x_wconf 51' lang='lat'>‘</span> 
     </span>
    </p>
   </div>
   <div class='ocr_carea' id='block_1_14' title="bbox 804 3446 2069 3560">
    <p class='ocr_par' dir='ltr' id='par_1_14' title="bbox 804 3446 2069 3560">
     <span class='ocr_line' id='line_1_23' title="bbox 804 3446 2069 3560; baseline 0.011 -32"><span class='ocrx_word' id='word_1_159' title='bbox 804 3446 956 3529; x_wconf 92' lang='lat' dir='ltr'>moniis</span> <span class='ocrx_word' id='word_1_160' title='bbox 988 3448 1094 3530; x_wconf 79' lang='lat' dir='ltr'>inter</span> <span class='ocrx_word' id='word_1_161' title='bbox 1125 3446 1319 3555; x_wconf 88' lang='lat' dir='ltr'>coniuges</span> <span class='ocrx_word' id='word_1_162' title='bbox 1348 3450 1581 3537; x_wconf 92' lang='lat' dir='ltr'>communis</span> <span class='ocrx_word' id='word_1_163' title='bbox 1612 3454 1750 3538; x_wconf 85' lang='lat' dir='ltr'>aetatis</span> <span class='ocrx_word' id='word_1_164' title='bbox 1783 3452 1976 3560; x_wconf 88' lang='lat' dir='ltr'>egimus:</span> <span class='ocrx_word' id='word_1_165' title='bbox 2010 3455 2069 3541; x_wconf 85' lang='lat' dir='ltr'>lic</span> 
     </span>
    </p>
   </div>
   <div class='ocr_carea' id='block_1_15' title="bbox 804 3572 2202 3693">
    <p class='ocr_par' dir='ltr' id='par_1_15' title="bbox 804 3572 2202 3693">
     <span class='ocr_line' id='line_1_24' title="bbox 804 3572 2202 3693; baseline 0.011 -36"><span class='ocrx_word' id='word_1_166' title='bbox 804 3589 919 3658; x_wconf 88' lang='lat' dir='ltr'>tanto</span> <span class='ocrx_word' id='word_1_167' title='bbox 971 3572 1121 3657; x_wconf 85' lang='lat' dir='ltr'>melius</span> <span class='ocrx_word' id='word_1_168' title='bbox 1173 3575 1351 3661; x_wconf 86' lang='lat' dir='ltr'>diuersae</span> <span class='ocrx_word' id='word_1_169' title='bbox 1384 3578 1749 3670; x_wconf 85' lang='lat' dir='ltr'>matrimoniorum</span> <span class='ocrx_word' id='word_1_170' title='bbox 1781 3584 1923 3693; x_wconf 84' lang='lat' dir='ltr'>species</span> <span class='ocrx_word' id='word_1_171' title='bbox 1956 3586 2069 3674; x_wconf 86' lang='lat' dir='ltr'>inter</span> <span class='ocrx_word' id='word_1_172' title='bbox 2194 3649 2202 3686; x_wconf 70' lang='lat'>,</span> 
     </span>
    </p>
   </div>
   <div class='ocr_carea' id='block_1_16' title="bbox 731 3701 1337 3827">
    <p class='ocr_par' dir='ltr' id='par_1_16' title="bbox 731 3701 1337 3827">
     <span class='ocr_line' id='line_1_25' title="bbox 731 3701 1337 3827; baseline 0.005 -41"><span class='ocrx_word' id='word_1_173' title='bbox 731 3816 734 3827; x_wconf 23' lang='lat'><strong><em>¹</em></strong></span> <span class='ocrx_word' id='word_1_174' title='bbox 803 3704 843 3787; x_wconf 82' lang='lat' dir='ltr'>so</span> <span class='ocrx_word' id='word_1_175' title='bbox 874 3701 1102 3812; x_wconf 84' lang='lat' dir='ltr'>comparari</span> <span class='ocrx_word' id='word_1_176' title='bbox 1133 3722 1337 3815; x_wconf 80' lang='lat' dir='ltr'>poterunt.</span> 
     </span>
    </p>
   </div>
   <div class='ocr_carea' id='block_1_17' title="bbox 802 3830 2074 4079">
    <p class='ocr_par' dir='ltr' id='par_1_17' title="bbox 802 3830 2074 4079">
     <span class='ocr_line' id='line_1_26' title="bbox 806 3830 2074 3952; baseline 0.017 -45"><span class='ocrx_word' id='word_1_177' title='bbox 806 3882 811 3889; x_wconf 90' lang='lat'><em>-</em></span> <span class='ocrx_word' id='word_1_178' title='bbox 957 3830 990 3932; x_wconf 72' lang='lat' dir='ltr'>§r</span> <span class='ocrx_word' id='word_1_179' title='bbox 1026 3848 1119 3931; x_wconf 69' lang='grc' dir='ltr'>η.</span> <span class='ocrx_word' id='word_1_180' title='bbox 1169 3830 1352 3942; x_wconf 85' lang='lat' dir='ltr'>Superest</span> <span class='ocrx_word' id='word_1_181' title='bbox 1396 3850 1445 3920; x_wconf 78' lang='lat' dir='ltr'>vt</span> <span class='ocrx_word' id='word_1_182' title='bbox 1495 3833 1669 3920; x_wconf 87' lang='lat' dir='ltr'>modum</span> <span class='ocrx_word' id='word_1_183' title='bbox 1699 3839 1933 3944; x_wconf 82' lang='lat' dir='ltr'>ostendam,</span> <span class='ocrx_word' id='word_1_184' title='bbox 1979 3864 2074 3952; x_wconf 85' lang='lat' dir='ltr'>quo</span> 
     </span>
     <span class='ocr_line' id='line_1_27' title="bbox 802 3953 2073 4079; baseline 0.007 -33"><span class='ocrx_word' id='word_1_185' title='bbox 802 3957 930 4046; x_wconf 84' lang='lat' dir='ltr'>altera</span> <span class='ocrx_word' id='word_1_186' title='bbox 983 3953 1115 4041; x_wconf 89' lang='lat' dir='ltr'>tabula</span> <span class='ocrx_word' id='word_1_187' title='bbox 1165 3957 1311 4045; x_wconf 91' lang='lat' dir='ltr'>similis</span> <span class='ocrx_word' id='word_1_188' title='bbox 1358 3958 1459 4071; x_wconf 92' lang='lat' dir='ltr'>illi,</span> <span class='ocrx_word' id='word_1_189' title='bbox 1509 3986 1635 4073; x_wconf 90' lang='lat' dir='ltr'>quam</span> <span class='ocrx_word' id='word_1_190' title='bbox 1669 3966 1921 4079; x_wconf 85' lang='lat' dir='ltr'>paragrapho</span> <span class='ocrx_word' id='word_1_191' title='bbox 1952 3968 2073 4055; x_wconf 84' lang='lat' dir='ltr'>sexto</span> 
     </span>
    </p>
   </div>
   <div class='ocr_carea' id='block_1_18' title="bbox 804 4086 2194 4206">
    <p class='ocr_par' dir='ltr' id='par_1_18' title="bbox 804 4086 2194 4206">
     <span class='ocr_line' id='line_1_28' title="bbox 804 4086 2194 4206; baseline 0.009 -34"><span class='ocrx_word' id='word_1_192' title='bbox 804 4086 1028 4191; x_wconf 78' lang='lat' dir='ltr'>subiunxi,</span> <span class='ocrx_word' id='word_1_193' title='bbox 1073 4086 1250 4172; x_wconf 85' lang='lat' dir='ltr'>construi</span> <span class='ocrx_word' id='word_1_194' title='bbox 1297 4088 1416 4200; x_wconf 86' lang='lat' dir='ltr'>poffrt</span> <span class='ocrx_word' id='word_1_195' title='bbox 1469 4115 1545 4202; x_wconf 93' lang='lat' dir='ltr'>pro</span> <span class='ocrx_word' id='word_1_196' title='bbox 1591 4093 1791 4203; x_wconf 82' lang='lat' dir='ltr'>inaequali</span> <span class='ocrx_word' id='word_1_197' title='bbox 1837 4097 2070 4206; x_wconf 85' lang='lat' dir='ltr'>coniugum</span> <span class='ocrx_word' id='word_1_198' title='bbox 2188 4127 2194 4140; x_wconf 93' lang='lat'><strong>·</strong></span> 
     </span>
    </p>
   </div>
   <div class='ocr_carea' id='block_1_19' title="bbox 801 4214 2073 4701">
    <p class='ocr_par' dir='ltr' id='par_1_19' title="bbox 801 4214 2072 4616">
     <span class='ocr_line' id='line_1_29' title="bbox 808 4214 2069 4329; baseline 0.009 -32"><span class='ocrx_word' id='word_1_199' title='bbox 808 4233 963 4319; x_wconf 68' lang='lat' dir='ltr'>aetate,</span> <span class='ocrx_word' id='word_1_200' title='bbox 1012 4214 1201 4321; x_wconf 77' lang='lat' dir='ltr'>equidem</span> <span class='ocrx_word' id='word_1_201' title='bbox 1233 4218 1400 4327; x_wconf 89' lang='lat' dir='ltr'>quaeuis</span> <span class='ocrx_word' id='word_1_202' title='bbox 1432 4224 1643 4329; x_wconf 79' lang='lat' dir='ltr'>utriusque</span> <span class='ocrx_word' id='word_1_203' title='bbox 1670 4224 1808 4309; x_wconf 88' lang='lat' dir='ltr'>aetatis</span> <span class='ocrx_word' id='word_1_204' title='bbox 1841 4224 2069 4311; x_wconf 85' lang='lat' dir='ltr'>differentia</span> 
     </span>
     <span class='ocr_line' id='line_1_30' title="bbox 801 4340 2069 4464; baseline 0.013 -46"><span class='ocrx_word' id='word_1_205' title='bbox 801 4364 969 4426; x_wconf 87' lang='lat' dir='ltr'>:nouum</span> <span class='ocrx_word' id='word_1_206' title='bbox 1003 4340 1175 4452; x_wconf 85' lang='lat' dir='ltr'>postulat</span> <span class='ocrx_word' id='word_1_207' title='bbox 1204 4346 1440 4452; x_wconf 80' lang='lat' dir='ltr'>calculum3</span> <span class='ocrx_word' id='word_1_208' title='bbox 1472 4348 1641 4437; x_wconf 89' lang='lat' dir='ltr'>sufficiet</span> <span class='ocrx_word' id='word_1_209' title='bbox 1668 4366 1805 4437; x_wconf 88' lang='lat' dir='ltr'>tamen</span> <span class='ocrx_word' id='word_1_210' title='bbox 1836 4376 1910 4463; x_wconf 81' lang='lat' dir='ltr'>per</span> <span class='ocrx_word' id='word_1_211' title='bbox 1940 4356 2069 4464; x_wconf 88' lang='lat' dir='ltr'>quin·</span> 
     </span>
     <span class='ocr_line' id='line_1_31' title="bbox 808 4468 2072 4616; baseline 0.008 -57"><span class='ocrx_word' id='word_1_212' title='bbox 808 4470 981 4583; x_wconf 81' lang='lat' dir='ltr'>quennia</span> <span class='ocrx_word' id='word_1_213' title='bbox 1027 4468 1119 4583; x_wconf 81' lang='lat' dir='ltr'>ire,</span> <span class='ocrx_word' id='word_1_214' title='bbox 1165 4474 1261 4584; x_wconf 89' lang='lat' dir='ltr'>quia</span> <span class='ocrx_word' id='word_1_215' title='bbox 1285 4470 1621 4616; x_wconf 73' lang='lat' dir='ltr'>interpolationes</span> <span class='ocrx_word' id='word_1_216' title='bbox 1652 4478 1773 4567; x_wconf 87' lang='lat' dir='ltr'>status</span> <span class='ocrx_word' id='word_1_217' title='bbox 1805 4481 2072 4573; x_wconf 83' lang='lat' dir='ltr'>intermedius</span> 
     </span>
    </p>

    <p class='ocr_par' dir='ltr' id='par_1_20' title="bbox 1401 4606 2073 4701">
     <span class='ocr_line' id='line_1_32' title="bbox 1401 4606 2073 4701; baseline -0.003 -5"><span class='ocrx_word' id='word_1_218' title='bbox 1401 4640 1406 4665; x_wconf 86' lang='lat'><em>·</em></span> <span class='ocrx_word' id='word_1_219' title='bbox 1973 4606 2073 4701; x_wconf 79' lang='lat' dir='ltr'>satis</span> 
     </span>
    </p>
   </div>
   <div class='ocr_carea' id='block_1_20' title="bbox 1256 4668 1280 4733">
    <p class='ocr_par' dir='ltr' id='par_1_21' title="bbox 1256 4668 1280 4733">
     <span class='ocr_line' id='line_1_33' title="bbox 1256 4668 1280 4733; baseline 0 -4"><span class='ocrx_word' id='word_1_220' title='bbox 1256 4668 1280 4733; x_wconf 70' lang='grc' dir='ltr'>α’</span> 
     </span>
    </p>
   </div>
   <div class='ocr_carea' id='block_1_21' title="bbox 0 0 2331 5875">
    <p class='ocr_par' dir='ltr' id='par_1_22' title="bbox 0 0 2331 5875">
     <span class='ocr_line' id='line_1_34' title="bbox 0 0 2331 5875; baseline 0 0"><span class='ocrx_word' id='word_1_221' title='bbox 0 0 2331 5875; x_wconf 95' lang='lat' dir='ltr'> </span> 
     </span>
    </p>
   </div>
  </div>
 </body>
</html>
