4600 5875
824 638 965 744 nn
1051 622 1313 727 stan-n
1379 616 1882 773 nnssrnnsrs.

710 962 711 965 w
828 867 994 955 cedatur
1019 830 1042 969 ,¹
1064 828 1204 973 sponte
1236 829 1503 970 separantur(
1543 856 1611 944 De
1647 854 1772 944 modo
1804 826 1860 945 sal
1879 832 2102 973 coquendi

834 1012 914 1081 non
949 992 1004 1079 est
1035 994 1145 1103 quod
1176 985 1378 1099 prolixior
1410 986 1506 1091 sim,
1537 1004 1635 1071 cum
1668 988 1860 1073 omnibus
1894 992 1946 1075 sit
1973 1013 2099 1078 notua.

768 1210 772 1223 ,
832 1123 922 1229 Hoc
975 1142 1112 1207 tamen
1163 1118 1324 1205 silentio
1378 1120 1599 1227 praeterire
1648 1112 1836 1229 tanqum,
1888 1122 2097 1230 muriam,

730 1310 733 1319 ·
828 1250 987 1365 quando
1019 1252 1067 1335 ad
1100 1240 1485 1354 Crystallisationem
1536 1249 1746 1359 coquendo
1800 1251 1928 1334 tendit
1977 1249 2100 1362 (mutu

830 1386 872 1471 cd
924 1374 1045 1491 sodet)
1097 1375 1499 1487 veliementilhmum
1530 1379 1633 1488 acidi
1666 1373 1756 1460 salia
1804 1368 1971 1465 odorem
2024 1381 2100 1464 suf⁴

827 1514 1037 1607 locantem¹
1063 1506 1281 1611 eructare,
1337 1506 1377 1591 id
1406 1502 1516 1615 quod
1548 1505 1724 1589 eximiae
1757 1506 1860 1590 acidi
1896 1496 2129 1595 Vitriohci'

836 1641 883 1725 iri
915 1640 1032 1747 supra
1064 1633 1237 1742 allegato
1271 1633 1346 1719 sale
1383 1631 1562 1721 mirabili
1596 1633 1737 1720 latenti
1772 1634 1995 1745 quantitati
2039 1640 2110 1723 ad·.

834 1768 1087 1855 scribendum
1116 1762 1192 1849 else
1224 1766 1373 1848 censeo.
1476 1760 1525 1847 ld
1558 1766 1659 1877 quod
1688 1761 1732 1849 et
1763 1790 1817 1849 ex
1842 1762 1900 1851 'eo
1919 1874 1924 1883 Ι
1941 1762 2098 1877 ‘quoque

696 2006 699 2015 ²
838 1897 970 2004 magis
1000 1892 1136 2006 palam
1167 1891 1245 1999 fit,
1274 1898 1384 2002 quod
1418 1892 1524 1975 circa
1558 1891 1695 1979 lacum
1729 1890 1876 2007 ubique
1905 1898 1985 1981 fere
2005 1960 2018 2005 ,
2042 1898 2098 1982 in·

838 2024 988 2139 primis
1020 2040 1160 2105 autem
1194 2021 1237 2103 in
1270 2020 1359 2130 ipio
1391 2016 1482 2104 lacu
1516 2040 1558 2108 ct
1587 2020 1691 2111 foffis
1719 2040 1772 2106 ex
1800 2047 1851 2107 eo
1901 2026 2097 2112 decurren·

840 2154 980 2260 tibus,
1005 2162 1120 2237 ‘terna
1151 2150 1348 2260 quaedam
1382 2145 1545 2266 pinguia
1576 2171 1619 2237 et
1652 2152 1789 2275 primo
1829 2154 1977 2261 nigra,
2022 2153 2095 2269 poll

841 2280 1151 2369 exsecutionem
1186 2302 1300 2384 vero¹
1317 2281 1504 2385 cinerea,
1556 2280 1599 2365 in
1631 2275 1853 2389 largisfima
1884 2288 2095 2394 quantitate
2212 2294 2219 2303 “

832 2406 1043 2517 eruitur,
1106 2406 1452 2520 penetrantiffimo
1500 2408 1657 2521 hepatis
1703 2406 1913 2524 sulphuris
1957 2415 2096 2518 odore,

839 2538 1034 2651 praedita.
1134 2536 1242 2622 Haec
1283 2558 1390 2623 terra
1423 2558 1582 2647 praeter
1614 2536 1809 2648 phlegma
1838 2534 2034 2628 scretidurn
2062 2560 2097 2627 et

836 2664 1063 2773 liucscens,
1109 2660 1252 2749 oleum
1300 2664 1498 2751 foetidum
1537 2660 1723 2773 largitur.
1819 2668 1980 2757 Eadem
2005 2688 2096 2756 terrt
2154 2763 2156 2766 ,

838 2814 939 2884 cunr
989 2791 1195 2883 mercurio
1220 2898 1224 2905 .
1248 2792 1464 2880 sublimato
1512 2796 1680 2904 vestigia
1723 2792 1947 2884 cinnabaris
1976 2801 2094 2885 donat

839 2926 950 3018 Cum
985 2924 1179 3015 Arsenico
1208 2918 1342 3011 mixta
1373 2936 1415 3010 et
1447 2916 1697 3036 sublimata,
1740 2926 1930 3015 nonnihil
1963 2930 2096 3015 arseni·
2217 2946 2219 2957 ⁴

834 3061 876 3146 ci
906 3049 1005 3143 flaui
1039 3055 1268 3159 monstrat,
1317 3075 1368 3141 nt
1399 3055 1477 3138 alia
1510 3050 1746 3144 huiusmodi
1795 3060 2116 3171 experimenta,-

838 3179 1050 3299 sulphuris
1081 3185 1345 3299 praesentiam
1397 3185 1690 3295 monstrantia,
1740 3203 1905 3274 taceam.
2002 3187 2097 3274 Hauc

838 3303 1094 3420 obseruatio,
1128 3315 1317 3428 quamuis
1346 3300 1557 3400 nonnullis
1589 3314 1756 3403 leuioris
1791 3315 1997 3403 momenti
2032 3303 2098 3404 effa

840 3447 970 3534 rideri
1019 3459 1138 3555 queat
1155 3435 1351 3553 ,nihilo
1390 3440 1521 3528 secius‘
1547 3460 1684 3531 tamen
1716 3447 1807 3561 iden
1836 3468 1927 3531 enm
1963 3459 2096 3532 notatu

839 3578 1006 3686 dignam
1041 3575 1209 3682 censeo,
1260 3568 1455 3685 quoniam
1488 3571 1653 3660 forhtan
1686 3570 1938 3686 inposterum
1967 3570 2097 3660 lumen
2218 3634 2219 3643 r

828 3707 979 3810 *afferre
1025 3701 1186 3814 potest,
1218 3701 1557 3810 demonstrandi,
1585 3706 1891 3815 quadratiano
1921 3703 2099 3815 originis,

839 3834 891 3922 fit
923 3834 1125 3940 Analogia
1159 3834 1321 3920 acidum
1355 3830 1528 3919 Vitrioli
1557 3833 1664 3920 inter
1702 3849 1744 3919 et
1794 3837 1957 3921 acidum
2002 3831 2099 3921 salla.

837 3961 889 4050 In
940 3957 1280 4073 Ephemeridibus
1330 3960 1573 4072 Academiae
1624 3963 1898 4050 scientiarum
1931 3957 2097 4052 Berolin
2218 3982 2219 4036 i

838 4094 964 4179 Tom.
1001 4087 1130 4178 Xlllr
1161 4119 1202 4206 p.
1243 4111 1346 4194 104.
1378 4093 1480 4205 seqq·b
1508 4084 1657 4176 'itariae
1705 4092 1878 4178 iamiam
1926 4085 2104 4181 obserua·
2218 4128 2219 4217 p

840 4225 968 4308 tiones
1001 4217 1077 4306 hac
1110 4223 1158 4310 de
1191 4243 1234 4308 re
1265 4221 1466 4333 exposuia
1515 4236 1746 4308 memoratu
1780 4224 1896 4308 enim
1950 4224 2106 4332 semper
2218 4222 2219 4229 ‘

793 4367 798 4374 ·
837 4344 919 4435 erit
951 4351 1126 4459 dignum
1160 4347 1295 4437 nullas
1324 4348 1472 4436 offendi
1503 4349 1608 4434 salis'
1629 4347 1759 4435 natiui
1791 4351 1981 4462 fodinas,
2010 4339 2109 4434 nul·
2218 4348 2219 4401 l

833 4476 892 4566 las
924 4483 1083 4570 muriae
1112 4481 1411 4595 scaturigines,
1451 4494 1554 4596 quae
1581 4503 1667 4581 non
1700 4478 1867 4591 vestigia
1898 4478 2111 4598 sulphuris

2218 4774 2219 4825 l
