4600 5875
842 732 932 818 522
1033 699 1118 792 nn
1149 694 1587 794 mornrnrarra.
1623 691 1917 786 rranraa

788 945 802 966 ³
842 955 984 1050 patum
1018 932 1111 1017 suit.
1153 949 1156 954 ·
1197 930 1334 1017 Maior
1366 947 1507 1012 antem
1541 946 1582 1014 et
1616 927 1660 1010 in
1694 921 1772 1010 hoc
1806 927 1951 1010 ordine
1982 919 2111 1012 obser·

836 1059 1065 1180 vationibus
1115 1057 1226 1145 locus
1276 1065 1427 1163 datur,
1475 1082 1575 1170 quae
1631 1054 1881 1144 euidentidra
1913 1056 2111 1160 reddant,

832 1189 1018 1278 obscura.
1307 1189 1321 1206 “
2224 1280 2225 1293 Ν

914 1313 916 1318 ’
997 1319 1141 1406 Filicer
1189 1326 1335 1428 q'uarto
1385 1313 1551 1421 adfero,
1592 1313 1879 1399 certitudinem
1914 1313 2113 1422 inignem
2224 1304 2225 1341 ⁷

847 1447 1066 1537 oil'erentes.
1135 1450 1219 1542 Hae
1250 1449 1339 1528 sunt
1372 1467 1393 1524 e
1426 1443 1754 1554 cryptanthemis
1786 1440 1879 1526 illae
1930 1441 2118 1553 plantae,

836 1602 949 1691 ‘quae
988 1577 1242 1689 perfectiores
1277 1593 1316 1655 et
1346 1572 1509 1687 ⁴fabrica
1562 1575 1694 1682 magis
1744 1570 1924 1656 absoluta
1970 1574 2118 1682 plantis

851 1705 1188 1820 phaenantlrcmis
1238 1699 1409 1812 propius
1465 1701 1690 1804 accedant,
1739 1703 1928 1784 euidente
1974 1701 2120 1786 scilieet
2223 1710 2225 1724 '

852 1838 979 1920 radice
1019 1819 1293 1942 distinerisque
1339 1827 1446 1913 foliis
1495 1829 1724 1937 gaudentes.
1819 1825 1985 1944 Hacque
2032 1829 2119 1916 illae

852 1965 975 2069 sunt,
1009 1987 1108 2074 qnae
1140 1962 1434 2074 proprietatem
1469 1947 1765 2065 roborantem,
1818 1977 1938 2068 atque
1967 1983 2020 2042 ex
2052 1955 2119 2044 loc

710 2156 721 2168 ,
839 2091 964 2177 'sonte
996 2086 1263 2176 diuersrmode
1296 2083 1495 2197 proficuas
1529 2085 1624 2174 aas
1673 2093 1696 2172 'a
1747 2101 1888 2170 natura
1936 2087 2122 2188 'obtinue-

854 2239 965 2306 runt.
1046 2221 1132 2306 Hae
1166 2215 1259 2302 illae
1290 2217 1382 2297 sunt
1402 2248 1433 2321 ,¹
1469 2220 1569 2327 quae
1602 2215 1739 2300 omnis
1770 2217 1916 2299 noxiae
1945 2236 2123 2327 expertes

855 2351 995 2451 dotis,
1047 2350 1090 2433 in
1139 2345 1326 2430 omnibus
1374 2343 1460 2429 illis
1492 2345 1676 2452 morbis,
1727 2343 1796 2428 rbi
1830 2347 2124 2453 aperiendum,

835 2477 1150 2578 incidendum,
1203 2469 1385 2581 tasrsque
1419 2473 1597 2558 reseratis
1630 2492 1751 2556 tonus
1783 2477 2010 2559 excitandos
2041 2475 2125 2578 est,

838 2609 949 2686 'tarn
984 2600 1229 2711 singularem
1264 2599 1457 2683 haetenus
1489 2603 1775 2710 praestiterunt
1810 2609 1943 2686 tium.
2025 2603 2122 2716 Quis

864 2734 1026 2836 ignorat
1063 2731 1263 2834 Adianti,
1310 2730 1421 2835 quod
1455 2727 1641 2843 Capillum
1695 2734 1850 2814 venerit
1899 2729 2125 2841 adpellant,

841 2861 955 2969 'quis
987 2857 1202 2966 Asplenii,
1234 2852 1432 2939 Ceterarh
1449 2887 1479 2962 ,·
1507 2849 1810 2964 Trithotnaner,
1841 2857 1973 2946 Ratae
2003 2887 2121 2948 marn·

748 3055 750 3061 .
834 3000 837 3007 '
865 2988 970 3090 riae,
1003 2981 1301 3099 Scalopendriae'
1322 2985 1525 3070 virtutem
1546 2980 1750 3071 tonicam?
1779 2988 1885 3102 Quis
1902 2992 2022 3076 nescrt
2040 3016 2122 3100 pro·
2178 3026 2185 3039 ·

683 3130 690 3139 ·
868 3114 959 3199 inde
989 3116 1212 3199 efficaciam
1246 3108 1421 3195 illorum
1456 3108 1497 3197 in
1533 3118 1684 3204 morbis
1715 3116 1872 3225 frigidis
1904 3120 2121 3231 lentisque,

866 3240 1158 3347 oedematosrs,
1209 3237 1476 3349 hydropicis,
1525 3242 1757 3349 cachexiis,
1807 3246 1994 3359 natisque
2048 3250 2122 3333 inde

867 3356 1262 3478 hypochondriacis,
1327 3365 1656 3483 hystericisquel
1718 3375 1824 3489 Quis
1883 3379 2122 3463 medicorum

870 3496 1141 3606 praestitorum
1194 3498 1250 3582 est
1269 3500 1305 3601 ,‘
1333 3498 1407 3607 qui
1448 3519 1529 3585 non
1561 3502 1708 3587 iisdem
1743 3504 1944 3590 viscerum
1974 3506 2123 3615 soluerit

869 3620 1184 3735 obstipationesl
1215 3624 1407 3741 Quique
1441 3653 1521 3713 non
1554 3628 1741 3715 blandam
1773 3656 1921 3718 eorum
1955 3632 2119 3722 indolem

872 3750 998 3835 laetus
1031 3756 1194 3839 secunde
1227 3751 1554 3865 praedicanerit?
1601 3755 1677 3843 Sed
1710 3777 1872 3846 tanturn
1900 3761 2039 3867 abeli,
2085 3780 2123 3847 tt

840 3912 848 3921 ·
877 3894 977 3964 mox
1008 3882 1219 3968 recensitae
1251 3908 1274 3964 e
1304 3882 1478 3971 filicibus
1513 3886 1674 3995 plantae
1704 3890 1808 3975 solae
1839 3888 1950 3996 bnt,
1981 3916 2125 3980 memn-

875 4011 969 4093 ratis
1003 4010 1136 4097 sfibos
1167 4012 1404 4121 adaptatae,
1453 4032 1502 4098 rt
1535 3994 1671 4125 potins
1701 4040 1754 4099 ex
1786 4018 1872 4104 illis
1900 4046 1979 4105 non
2010 4019 2127 4105 marn

873 4140 1044 4245 speciem
1094 4142 1358 4247 eximerem,
1406 4146 1475 4227 cui
1524 4167 1605 4228 non
1651 4167 1902 4258 competeret
1938 4145 2129 4261 expolrt'ae

876 4262 1074 4353 efficaciae
1121 4262 1310 4379 aliquid?
1346 4265 1562 4384 'Quamuis
1593 4273 1705 4387 enirn
1740 4300 1812 4389 per
1843 4253 1977 4364 omnes
2009 4300 2128 4391 expe·

877 4393 1050 4478 rimenta
1069 4396 1169 4479 faeta
1202 4422 1284 4481 non
1315 4394 1562 4512 lint‚·sapor
1595 4416 1734 4489 tamen
1765 4408 1954 4491 omnium
1989 4408 2126 4520 elpe-

876 4518 1006 4607 rieula
1038 4520 1228 4633 chymiea
1258 4546 1347 4615 rem
1379 4526 1470 4614 datis
1500 4528 1710 4618 euincunt.
1779 4534 2007 4655 Qotqnor'
2027 4539 2127 4623 enin
