4600 5875
710 664 712 669 ’
825 676 927 775 446
1118 661 1222 751 DE
1287 658 1859 765 FORjMATION‘E

830 894 952 985 refert
988 887 1077 1007 (fig.
1109 902 1151 981 6.
1183 888 1258 1006 an).
1320 894 1421 981 Inde
1451 918 1555 1006 quae
1586 893 1744 1011 primae
1774 896 2005 995 oriuntur,
2055 887 2096 974 in

832 1024 958 1111 latere
983 1025 1118 1110 amnii
1149 1026 1277 1136 spurii
1308 1024 1483 1113 ventrali
1537 1025 1788 1111 descendunt
1873 1021 2100 1109 Proximte

621 1183 691 1287 (fig
707 1188 762 1260 cit
778 1203 815 1261 et
834 1154 939 1241 hisce
971 1156 1171 1263 paulatim
1195 1158 1512 1242 transuersalirer
1531 1156 1859 1267 progrediuntur.
1923 1152 2101 1261 Sequer-

608 1288 811 1395 7...ινι.)
837 1307 895 1371 tes
926 1283 1133 1395 oblique
1122 1308 1239 1390 ram,
1273 1304 1366 1371 tum
1397 1307 1523 1397 porro
1552 1283 1795 1371 retransire
1827 1298 1869 1366 et
1900 1277 2101 1365 alinede·

832 1417 957 1528 nique
986 1415 1151 1525 oblique
1182 1415 1408 1501 retrorsum
1430 1415 1670 1505 adscendere
1703 1412 1909 1523 incipiunt
1937 1408 2034 1522 (fig.-
2058 1413 2099 1494 6.

747 1566 750 1579 ·
819 1542 871 1635 ‚h
901 1544 970 1651 fig
1004 1564 1047 1645 7
1079 1538 1145 1656 b..)
1214 1541 1414 1630 Vltimae
1430 1546 1594 1631 tandem
1626 1540 1958 1635 transuersales
1947 1564 1992 1624 ιιι
2014 1536 2100 1623 ln·

832 1694 899 1762 tus
929 1672 1054 1757 amnii
1085 1668 1237 1759 dorsale
1265 1690 1502 1761 excurrunt.
1583 1673 1700 1795 Quae
1732 1692 1879 1884 auffim
1828 1693 1961 1756 mex
2001 1688 2097 1752 vena
2222 1705 2223 1710 ι

831 1804 1088 1911 descendente
1120 1791 1315 1889 oriuntur
1345 1804 1566 1890 secundum
1585 1826 1759 1915 ¹quoque
1836 1802 1932 1885 uiue
1978 1820 2098 1884 venae
2222 1865 2223 1868 κ

832 1932 1039 2034 dueum,
1087 1932 1250 2043 oblique
1302 1938 1470 2046 quidem
1498 1954 1544 2019 et
1571 1930 1818 2039 dinergendo
1849 1926 2095 2031 exteriores,

835 2048 990 2146 mediae
1019 2082 1120 2145 nero
1149 2079 1191 2143 et
1222 2088 1325 2175 quae
1356 2068 1572 2178 proximae
1603 2062 1667 2149 illi
1700 2082 1849 2149 trunco
1878 2058 2008 2167 sunt,
2035 2079 2095 2144 re·

605 2205 609 2212 ’
737 2292 741 2299 ,
831 2192 930 2299 ste,
960 2186 1214 2277 descendunt.

981 2448 1014 2549 §.
1050 2465 1126 2547 47.
1178 2443 1408 2554 Progressus
1457 2468 1500 2536 et
1547 2448 1694 2536 duetus
1742 2446 1989 2559 serpentinus
2027 2444 2092 2532 ed,
2157 2545 2161 2551 ὁ

826 2571 930 2663 Νοιι
963 2598 1136 2679 magnas,
1156 2577 1323 2686 quidem
1354 2575 1548 2662 flexiones
1574 2580 1795 2686 efficisrnt,
1845 2578 1907 2663 sed
1957 2574 2094 2664 leuiter

823 2702 957 2811 ‚flexae
988 2728 1061 2816 per
1080 2704 1206 2789 ¹suam
1241 2706 1524 2794 membranam
1557 2727 1726 2819 repunt¹
1782 2704 1960 2818 Neque
1979 2701 2093 2791 tacite
2222 2813 2223 2820 Ν

830 2856 968 2940 ramos
995 2836 1154 2938 edunt,
1186 2834 1248 2919 sed
1282 2833 1487 2948 srmplices
1518 2834 1761 2950 plerumque
1795 2834 1878 2925 fine
1912 2834 2002 2923 rlso
2033 2858 2092 2919 ιι-
2222 2839 2223 2856 ¹

831 2987 906 3049 mo
937 2987 1007 3074 per
1042 2982 1180 3048 totum
1213 2967 1401 3050 amnium
1445 2969 1634 3078 spurium
1684 2972 1921 3054 decurrunt.
2016 2963 2092 3051 Ni·

827 3094 995 3182 mirum
1030 3094 1111 3205 ipsa
1144 3089 1241 3184 haee
1275 3094 1433 3181 ramula
1463 3124 1486 3181 a
1520 3119 1653 3204 vena,
1684 3103 1749 3184 vti
1781 3099 1901 3199 dixi,
1945 3097 2094 3180 adsten-

753 3335 755 3340 .
831 3221 974 3316 dente,
1005 3223 1072 3307 vel
1104 3248 1126 3305 a
1161 3222 1412 3309 descendente
1443 3229 1674 3328 oriuntur,
1708 3225 1789 3338 ipsa
1820 3250 1923 3334 ergo
1955 3222 2091 3308 harum

833 3373 1031 3434 venarum
1083 3352 1189 3434 rami
1243 3354 1366 3461 sunt,
1415 3355 1478 3440 sed
1530 3353 1630 3440 alios
1680 3379 1814 3441 ramos
1865 3380 1990 3467 porro
2018 3377 2091 3438 non

832 3474 946 3564 facile
998 3480 1232 3583 emittunt,
1281 3499 1325 3566 et
1378 3509 1481 3568 vena
1534 3485 1767 3570 adscendens
1805 3502 1847 3566 et
1878 3483 2095 3570 descendens
2219 3562 2220 3577 ι

741 3619 744 3626 ’
834 3623 1029 3718 tanquam
1064 3609 1152 3694 vasa
1188 3611 1325 3718 potiu's
1358 3637 1470 3700 areae
1500 3617 1688 3702 vasculo
1681 3639 1727 3698 ae
1669 3609 1995 3701 stonsrderari
2032 3616 2096 3700 de·

825 3736 957 3857 benr,
1007 3741 1210 3849 inquam
1246 3740 1546 3851 disperguntur
1646 3744 1815 3854 Propria
1843 3764 1947 3850 ergo
1967 3740 2099 3828 amnii
2218 3736 2219 3811 ἕ

831 3867 959 3976 spurii
993 3868 1079 3950 vasa
1115 3865 1198 3952 sane
1229 3871 1354 3958 rrmis
1385 3871 1630 3986 plerumque
1661 3875 1802 3964 sunt.
1849 3873 1955 3959 Hoc
1970 3892 2099 3959 tamen

830 3999 1057 4080 notandum
1094 3997 1182 4100 est,
1217 3998 1260 4080 in
1294 4026 1384 4084 area
1417 4001 1648 4111 pellucida,
1700 4006 1768 4087 cui
1799 4007 1944 4089 eadem
1966 3997 2102 4092 bullae
2217 3978 2218 4057 Γ

709 4211 713 4218 ,
833 4124 988 4214 vascula
1022 4127 1307 4234 prospiciunt,
1359 4130 1527 4215 aliam
1516 4137 1567 4217 ris
1603 4136 1805 4217 rationem
1857 4131 2099 4220 distributio·
2163 4115 2168 4120 ’

833 4253 896 4336 nis
926 4250 1032 4352 esse,
1081 4259 1184 4339 dum
1218 4258 1391 4368 copiose
1424 4262 1773 4348 anastomasrbus
1763 4281 1871 4346 mter
1921 4271 1957 4348 se
2000 4285 2101 4346 con

697 4405 703 4426 ·
833 4381 967 4464 iuncta
1002 4403 1088 4466 rete
1121 4388 1257 4494 potius
1292 4388 1667 4502 efficinnr‚'quod
1714 4393 1897 4478 aliorum
1944 4412 2103 4505 qnoque

830 4512 1021 4598 vasorum
1056 4512 1215 4600 vltimis
1243 4517 1595 4629 distributionibus·
1622 4520 1823 4610 familiare
1856 4526 1928 4609 est.
1991 4520 2104 4634 Que-

1954 4669 2109 4733 .tenus
