4600 5875
805 725 919 827 ,ιω
1115 674 1219 803 aa
1263 680 1846 795 u‘uniuaatonan

570 1008 572 1015 .
661 1040 665 1051 Ι
820 926 943 1032 naulis
986 910 1259 1039 ›uffichtibuu
1301 920 1500 1015 ucuedcco‘
1535 936 1678 1039 cacque
1729 922 1788 1009 ita
1818 923 2088 1014 dmecmimuc

823 1075 1083 1181 potuerunt,
1130 1061 1179 1146 ut
1223 1054 1318 1145 locu
1365 1055 1558 1169 priorum
1608 1054 1790 1169 partium
1840 1071 1952 1141 nnnc
2000 1056 2093 1143 aliae

806 1214 953 1283 nouae
984 1188 1077 1277 indo
1108 1186 1403 1277 resultauorint.
1496 1181 1601 1271 Non
1633 1182 1724 1275 fieti
1758 1184 1883 1297 potest
1914 1189 1962 1272 in
1999 1206 2089 1273 cot·

576 1381 582 1390 -
699 1400 703 1406 .
806 1344 925 1437 2pote
949 1319 1148 1427 animali,
1181 1337 1230 1404 ut
1262 1336 1348 1401 uno
1378 1309 1604 1424 cademque
1635 1312 1838 1427 principio
1869 1320 2093 1421 generatio·

810 1454 923 1555 uis,
977 1446 1091 1535 uarie
1132 1440 1403 1547 modificato,
1450 1464 1595 1531 omnes
1625 1447 1807 1558 corporis
1840 1465 1969 1554 partes
1995 1466 2094 1557 pto·

813 1576 970 1687 ,dudae
1000 1574 1113 1683 stuc,
1160 1596 1289 1689 neque
1323 1569 1570 1686 philosopho
1605 1597 1743 1685 engo,
1790 1566 1886 1659 haec
1931 1595 2093 1661 natutae

728 1818 730 1823 Ι
826 1706 1025 1823 producta
1057 1705 1316 1817 inquirenti,
1371 1701 1470 1789 adeo
1500 1701 1666 1822 breuis,
1713 1724 1840 1817 qnam
1873 1703 2091 1815 inolentis

825 1837 1039 1943 uidimus,
1089 1854 1132 1921 et
1181 1834 1309 1921 facilis
1357 1831 1426 1915 uia
1465 1827 1728 1940 cognoscendi
1762 1829 1925 1945 patebit.
2019 1832 2087 1921 seu

825 1968 964 2081 potius
997 1965 1055 2053 ita
1087 1984 1151 2049 aes
1182 1964 1283 2051 adeo
1310 1952 1388 2046 elie
1421 1962 1623 2072 uidetur,
1663 1963 1728 2048 uti
1760 1979 1867 2050 nuuc
1895 1961 2089 2051 continuo
2206 2004 2214 2019 ·

812 2094 977 2184 ,uitam
1638 2172 1643 2182 .

978 2220 1015 2329 ς.
1048 2242 1093 2327 9.
1143 2214 1308 2334 Corpus
1353 2211 1532 2309 animale
1578 2213 1857 2332 organicum,
1893 2240 1999 2307 *nam
2044 2215 2089 2309 dc

817 2348 1017 2443 animalia
1048 2366 1194 2439 natura
1225 2350 1294 2437 hic
1326 2374 1410 2435 non
1443 2346 1623 2462 loquor,
1670 2348 1727 2436 est
1755 2369 1818 2437 reu
1847 2350 1940 2439 satis
1984 2370 2088 2436 cout-

814 2475 979 2595 ,plicata
1005 2536 1019 2587 ,
1065 2495 1108 2569 et
1148 2475 1263 2595 quali
1295 2497 1348 2563 ex
1378 2481 1587 2586 congressu
1619 2480 1831 2569 uariatum
1861 2480 2058 2567 causatum
2076 2488 2115 2588 ,'
2215 2581 2216 2600 Ν

830 2630 934 2721 quae
962 2628 1045 2701 nou
1076 2607 1289 2698 neceffatio
1318 2627 1523 2697 connexae
1554 2604 1669 2716 dot,
1718 2632 1903 2721 nequeo
1951 2612 1989 2696 se
2031 2608 2089 2695 iu·
2215 2613 2216 2708 ζ

832 2738 971 2824 uicem
1016 2732 1295 2849 dependeant,
1342 2732 1569 2831 subortum.
1664 2734 1716 2825 ln
1750 2739 1898 2851 plantis
1926 2758 2006 2824 una
2031 2756 2089 2825 ta·
2215 2839 2216 2844 Ν

633 2872 637 2881 ’
777 2860 782 2873 ’
831 2862 1005 2956 cundem
1039 2862 1248 2955 causatum
1281 2859 1389 2953 adio
1418 2863 1494 2982 est,
1531 2887 1611 2962 una
1641 2862 1821 2980 simplex
1867 2869 2093 2980 vegetatio,

831 3011 938 3109 qnae
985 2995 1090 3083 dum
1139 2993 1286 3084 lensm
1335 2993 1465 3104 gradu
1515 2993 1828 3106 imminuitur,
1882 2993 2092 3110 unumque

832 3119 956 3240 plane
988 3120 1223 3234 euanescit,
1269 3140 1402 3212 totam
1442 3123 1627 3240 plantam
1676 3129 1874 3242 producit.
1968 3121 2092 3214 Planta

737 3317 743 3328 .
832 3253 932 3344 inde
961 3273 1097 3342 unum
1131 3246 1307 3366 limplex
1340 3251 1587 3369 productum
1619 3253 1707 3363 eli,
1753 3275 1808 3344 ea
1848 3254 1977 3344 uariis
2009 3253 2090 3370 qui·

832 3379 930 3470 dem
963 3385 1145 3496 partibus
1177 3380 1493 3497 compulitum,
1524 3381 1587 3473 scd
1618 3377 1921 3494 systematicum
1955 3403 2093 3493 tamen,

833 3509 880 3598 in
912 3531 998 3626 quo
1027 3531 1160 3601 certus
1191 3515 1296 3604 otdo
1323 3511 1432 3600 inter
1460 3532 1594 3630 partes
1623 3505 1908 3627 cognoscitur,
1940 3512 1987 3605 in
2005 3526 2094 3632 qua·

832 3663 933 3730 rum
965 3637 1056 3731 aliis
1085 3645 1299 3734 rationem
1318 3640 1490 3755 uideas,
1537 3665 1613 3735 cur
1646 3641 1746 3735 aliae
1777 3641 1903 3736 adfint
1941 3663 1987 3734 et
2031 3663 2094 3732 cut

833 3767 916 3859 lanc
947 3788 991 3859 et
1021 3770 1140 3862 nullo
1187 3771 1270 3861 alio
1317 3771 1442 3862 modo
1491 3771 1796 3864 comedantur.
1890 3771 1961 3865 Sic
2008 3773 2092 3863 lolia

834 3903 992 3990 sursum
1024 3899 1227 4017 paulatim
1261 3907 1425 3991 minora
1456 3900 1694 4016 explicant,
1742 3925 1816 3993 cuc
1847 3899 1971 4018 calyx
2013 3901 2094 4017 pust

835 4027 937 4117 haee
967 4026 1184 4144 sequatur,
1233 4033 1278 4120 in
1309 4028 1448 4142 calyce
1479 4036 1753 4149 pericarpium
1782 4053 1904 4146 atque
1933 4039 1975 4121 in
2019 4028 2098 4118 hoc

834 4159 989 4250 semina
1020 4159 1287 4274 aliquomodo
1315 4161 1536 4277 praeuides.
1629 4164 1681 4253 Iu
1712 4163 1953 4254 animalibus
1982 4159 2099 4276 plura
2207 4236 2208 4259 ,

835 4286 1038 4403 principia
1069 4289 1228 4399 fiendi,
1268 4291 1402 4405 plures
1428 4292 1522 4381 inde
1567 4293 1944 4407 natae-faniano,
1988 4291 2100 4404 plura
2206 4358 2208 4409 ,

836 4415 937 4506 hinc
966 4436 1058 4507 orta
1089 4419 1287 4534 produdia
1319 4423 1358 4509 se
1389 4423 1604 4537 produnt,
1631 4448 1751 4538 -quae
1783 4417 1927 4537 pattct‘
1949 4422 2102 4511 anima·
2206 4424 2207 4457 ¹

832 4543 887 4638 lis
918 4571 1026 4640 nunc
1056 4553 1269 4662 referunt,
1313 4550 1361 4640 iu
1393 4554 1537 4665 quana
1566 4577 1668 4668 ergo
1694 4551 1833 4644 nullut
1863 4555 1975 4680 ordo
2013 4575 2103 4700 utu·
2205 4570 2207 4595 ¹

2001 4705 2106 4798 cipu-
2205 4736 2206 4743 κ
