4600 5875
804 677 906 814 Μ
994 671 1079 758 DE
1103 589 1547 765 pgopnrsrnrrn
1575 661 1902 790 renatas..

804 897 1010 984 incndite
1065 897 1291 1003 relidente,
1341 893 1466 982 modo
1512 897 1555 977 in
1605 893 1858 1000 seminibus,
1906 891 2078 980 conflata
2219 895 2221 997 l

806 1026 1012 1134 nimirum
1044 1051 1096 1110 ex
1128 1026 1317 1112 aethereo
1350 1027 1474 1124 oleo,
1508 1023 1615 1108 vnde
1657 1021 1880 1106 volatilitas
1929 1046 2081 1107 eorum

805 1159 975 1260 oritur,
1037 1181 1134 1242 cunr
1159 1157 1362 1267 ''pattibns
1411 1153 1547 1236 terreis
1595 1171 1638 1236 et
1685 1149 1866 1237 tessnnlis
1931 1155 2079 1238 mixto.
2219 1265 2221 1268 Α

809 1283 912 1409 Ηειει
942 1273 1036 1368 illae
1070 1283 1230 1400 plantae
1263 1277 1704 1394 comprehenduntur,
1742 1281 2084 1391 quasimpetum
2219 1283 2221 1298 ¹

806 1411 988 1498 facientes
1020 1409 1409 1502 HIPPOCRATES
1441 1411 1572 1517 dixit,
1603 1428 1645 1496 et
1678 1431 1781 1519 quae
1811 1411 1936 1516 igne,
1966 1412 2083 1520 quod

807 1543 981 1646 fouent,-
1034 1543 1105 1627 sno
1138 1560 1341 1654 torpentes
1371 1536 1522 1623 actuofi
1558 1539 1750 1652 principii
1783 1555 1924 1624 motus
1956 1538 2085 1623 telli-

805 1659 936 1778 ca'nt,
963 1674 1177 1777 excitant,
1223 1694 1264 1753 et
1293 1665 1508 1757 inactum
1539 1670 1777 1774 deducunt,
1836 1665 1922 1752 tue
1954 1693 2102 1780 rapo·¹

810 1800 923 1910 ribus
957 1795 1344 1920 penetrantillimis‚
1377 1798 1539 1906 naribus
1575 1787 1853 1908 excipiendis,
1893 1795 1981 1882 fine
2012 1822 2086 1883 ore

810 1927 983 2036 ingestis.
1082 1929 1143 2015 At
1174 1945 1296 2012 caute·
1323 1949 1422 2012 cum
1455 1929 1505 2014 iis
1536 1929 1744 2036 agendum
1776 1926 1868 2031 est,
1909 1950 1964 2010 ne
1995 1926 2084 2033 gla-

811 2058 905 2141 dius
937 2053 1038 2142 finnt
1071 2057 1113 2140 in
1158 2057 1343 2143 manibus
1394 2053 1547 2140 lucioli.
1642 2056 1724 2142 Sub
1775 2055 1931 2140 'torrida
1983 2079 2083 2142 zona

810 2182 884 2270 hae
916 2181 1075 2292 plantae
1107 2185 1321 2295 creseunt,
1353 2184 1532 2294 adeoque
1564 2181 1796 2270 hominibus
1836 2186 1962 2290 data,
2014 2183 2077 2270 illi

809 2313 990 2397 adsuetis.
1061 2311 1131 2398 Sin
1165 2338 1267 2423 ergo
1295 2337 1318 2396 a
1342 2303 1568 2420 ,regionum
1600 2315 1837 2424 frigidarum
1875 2331 2072 2423 tempera·

809 2435 1206 2548 carumque'incolis
1250 2443 1294 2524 in
1346 2448 1466 2526 vium
1513 2439 1763 2547 trahuntur,
1814 2439 1920 2526 trahi
1976 2465 2079 2528 sero

810 2569 981 2672 debere,
1029 2591 1156 2655 nemo
1203 2568 1416 2682 probabit,
1467 2571 1531 2655 sua
1580 2573 1692 2656 enim
1739 2571 1804 2655 his
1835 2591 1878 2654 et
1907 2567 2079 2657 meliora

811 2700 901 2786 sunt
949 2716 1165 2806 aromata,
1214 2696 1437 2814 patciffirna
1485 2696 1570 2785 doli
1599 2725 1702 2816 opus
1729 2703 1816 2810 est,
1866 2723 1919 2784 ne
1964 2720 2081 2823 agant

807 2847 1048 2943 nrmrnm..

846 3063 851 3073 »
961 3016 1225 3134 Vmbelliserae
1256 3018 1417 3131 plantae
1450 3043 1625 3128 ornnes,
1657 3021 1807 3111 calidae
1837 3023 1967 3131 sunt,
2021 3027 2081 3109 sn·

814 3144 1039 3251 doriserae,
1089 3172 1112 3229 e
1146 3149 1548 3261 partibus-conflatae
1572 3150 1753 3255 olcosts,
1801 3155 1948 3263 quibus
1997 3153 2082 3238 sali·

815 3296 887 3361 nne
908 3303 935 3376 ,·
973 3272 1210 3383 gummosae
1240 3298 1282 3361 et
1313 3278 1504 3363 resrnolne
1536 3280 1872 3381 intermiscentur.
1974 3286 2084 3372 Aro-

819 3402 966 3487 marica
997 3404 1092 3487 hinc
1122 3405 1217 3515 ipsrs
1249 3410 1452 3520 competit
1486 3411 1745 3522 proprietas,
1797 3437 1877 3495 non
1921 3429 2084 3496 tantum

817 3533 861 3617 in
893 3532 1047 3638 primas
1080 3534 1165 3619 vias
1197 3556 1349 3641 agens,
1398 3538 1461 3621 sed
1494 3538 1689 3621 humores
1720 3536 1887 3623 soluens.
1989 3540 2096 3627 Inde.

815 3660 1104 3747 carminatiuan
1136 3660 1261 3768 sun't,
1293 3662 1662 3773 alexiplrarmacae,
1695 3668 1919 3777 lebrifirgae.
1985 3668 2087 3755 ‘inde

710 3776 718 3789 '
817 3809 1170 3897 emmenagogae,
1199 3789 1496 3901 diaphoreticae
1507 3861 1521 3905 ,
1543 3798 1778 3882 diaretitner
1844 3798 1946 3884 Inde
1961 3822 2085 3887 nene·

819 3914 1039 4001 satiffimne
1069 3923 1176 4005 inter
1208 3930 1282 4004 eas'
1303 3926 1461 4010 dantur.
1516 3910 1689 4011 -Venena
1718 3912 1832 4009 enlrrl
1864 3928 1981 4037 sunt,
2010 3926 2080 4013 nifi

817 4047 1109 4133 medicamenta
1142 4048 1285 4137 nimia.
1374 4052 1813 4166 sciendumque-hoc
1844 4045 1934 4163 eir,
1985 4078 2076 4138 ttn-

817 4164 1043 4285 belliferas,
1099 4178 1145 4262 ad
1194 4204 1314 4291 aquas
1363 4186 1610 4291 crescentes,
1657 4207 1754 4291 prae
1801 4186 1944 4271 ceteris
1984 4182 2094 4295 plem

817 4323 995 4419 rumque
1046 4304 1239 4422 suspectas
1288 4306 1394 4427 effe,
1444 4310 1554 4429 quali
1607 4310 1776 4398 effluuia
1824 4314 1929 4403 illius
1981 4312 2094 4397 rim:

675 4540 681 4551 Ι
817 4446 1020 4537 augerent.

1621 4581 1627 4596 '
1823 4595 1855 4613 1,
1960 4601 1965 4612 ι

1637 4622 1641 4630 ’
1749 4610 1803 4635 ,ιι
1832 4626 1847 4639 ,ι
1913 4622 1918 4630 ’
2087 4620 2095 4636 ο

1969 4630 2083 4715 ΟΜ*

2064 4737 2084 4747 -0
