4600 5875
445 658 1273 763 romermunt-vu.
1390 694 1528 780 413.

220 888 403 1005 singulte
437 898 559 983 mo'do
590 900 853 1002 formantur,
888 913 1020 1007 ntque
1060 892 1184 981 huius
1241 897 1388 985 indolis
1438 917 1497 1011 rt⁷

220 1046 369 1111 omnen
396 1027 519 1110 modo
558 1027 733 1113 recensae
785 1044 916 1136 partes
964 1026 1208 1132 arrimalium
1255 1028 1381 1132 sunt,
1431 1030 1486 1112 ita

222 1155 341 1237 tubus
372 1154 604 1241 intestinulis
632 1178 794 1267 quoque
828 1155 881 1239 est
902 1157 1058 1263 ,cuius
1093 1156 1380 1242 formationum
1412 1181 1486 1241 ex-

221 1281 375 1395 plic-ure
402 1285 567 1372 institui.
1180 1312 1183 1317 ·

232 1470 236 1479 ’
368 1478 403 1582 5.
444 1498 511 1577 13·
549 1470 625 1561 His
656 1494 756 1585 ergo
786 1470 834 1561 de
867 1475 988 1583 genio
1034 1472 1211 1585 theoriae
1259 1471 1486 1586 generatio
1508 1488 1701 1579 Argumen-

221 1596 560 1693 inanimalium
594 1604 844 1719 praemissis,
893 1606 1002 1714 quod
1049 1610 1214 1717 quidem
1266 1611 1390 1693 secere
1438 1627 1489 1685 eo
1508 1587 1534 1701 t}
1560 1584 1703 1708 differe.

221 1734 353 1841 magis
385 1722 642 1821 necessarium
676 1731 752 1821 esse
782 1736 955 1847 putrui,
995 1756 1089 1819 cum
1122 1740 1164 1820 in
1198 1736 1287 1820 hac·
1305 1734 1490 1818 scientiae
1510 1686 1689 1861 {monsffiodv

204 1858 416 1971 ¹naturalis
446 1883 558 1975 parte
590 1854 693 1949 nihil
726 1851 830 1948 uere
851 1860 1041 1947 haetenus
1073 1867 1120 1949 ab
1159 1862 1249 1949 aliis
1287 1862 1490 1947 autoribus
1524 1810 1546 1885 [⁸
1645 1843 1654 1861 ’

217 1990 420 2101 scriptum
470 1988 554 2100 fit,
602 1994 651 2078 ad
698 1993 989 2076 obseruationes
1029 1993 1186 2077 transeo
1224 1997 1267 2076 in
1297 1997 1390 2077 ouis
1423 1994 1490 2073 in·

218 2118 372 2204 rubetis
405 2122 631 2227 institutas,
674 2120 819 2234 quibus
854 2120 1030 2225 modus,
1062 2145 1141 2231 quo
1176 2122 1361 2207 intestina
1391 2143 1490 2229 pro·

218 2246 460 2355 ducuntur,
524 2251 730 2335 elucescat.
827 2244 1048 2333 Inuolucra
1079 2248 1346 2358 embryonis,
1396 2250 1492 2358 qui-

218 2374 294 2457 bus
327 2380 473 2487 primis
504 2378 639 2461 diebus
675 2378 745 2461 iste
778 2368 1040 2479 inuoluitur,
1092 2380 1303 2487 praecipue
1341 2376 1488 2460 harum

218 2504 545 2590 obstinationum
577 2502 729 2589 obieeta
761 2503 923 2588 suntet
964 2524 1240 2609 argumente,
1291 2530 1386 2587 num
1435 2528 1490 2589 ex

220 2626 320 2743 ipfis
351 2630 455 2718 hisce
487 2635 743 2743 inuolucris,
776 2655 877 2742 quae
907 2624 1099 2739 singulari
1130 2634 1272 2727 sabrica
1306 2634 1490 2740 gaudent,

221 2756 406 2849 intestina
438 2767 644 2848 oriuntur.
725 2762 903 2872 Oportet
931 2781 1031 2866 ergo
1060 2763 1201 2869 primo
1235 2761 1328 2846 loco
1368 2764 1490 2879 inuo-

218 2880 612 3000 incanescente,
663 2906 807 3003 utpote
840 2912 1094 3001 quieteque
1125 2893 1265 2976 innota
1299 2887 1493 2976 haetenus

218 3017 347 3128 sunt,
378 3040 428 3107 ut
468 3023 750 3109 intestinorum
798 3019 993 3134 formatio
1042 3021 1155 3130 ipsa,
1206 3045 1330 3104 nemo
1376 3020 1490 3104 enim

217 3145 295 3234 has
327 3147 516 3238 notabiles
550 3170 681 3264 partes
714 3149 939 3233 obseruauit
992 3170 1121 3256 neque
1169 3145 1300 3233 ullam
1344 3170 1486 3230 earum

216 3282 476 3364 mentionem
503 3275 619 3367 fecie
690 3274 876 3380 .Deinde
913 3273 1201 3384 explicandum
1251 3277 1361 3382 erit,
1409 3299 1489 3387 que

214 3409 379 3497 ratione
410 3432 465 3493 ex
495 3399 559 3492 his
591 3400 818 3494 inuolucris
851 3404 1035 3502 intestina
1067 3401 1179 3489 fiant.
1220 3477 1223 3482 .

339 3597 403 3698 ῖς.
442 3620 510 3703 14.
543 3596 661 3686 Circe
694 3593 879 3689 medium
910 3602 1021 3692 diem
1057 3602 1231 3686 tertium
1264 3595 1489 3684 incubatio·
1514 3627 1610 3707 Am,
1633 3657 1688 3709 ῃ,

212 3728 319 3833 nis',
365 3722 436 3810 vel
484 3745 526 3812 et
568 3726 694 3840 paulo
743 3731 886 3841 prius,
933 3727 1002 3817 vel
1036 3730 1174 3815 uersus
1205 3727 1332 3813 finem
1366 3725 1490 3812 huius
1511 3733 1645 3810 sentosa.

210 3858 337 3963 diei,
388 3879 517 3964 rrum,
568 3859 677 3969 quod
709 3847 763 3942 in¹
781 3863 923 3969 primo
955 3858 1091 3944 limite
1122 3859 1330 3944 obseruare
1362 3881 1490 3969 opor·

174 4063 176 4066 .
212 3999 319 4084 ret,
368 3997 533 4096 tempus
579 3987 878 4097 incubationis,
917 4004 1165 4098 quorertae
1197 3992 1241 4072 in
1273 3987 1364 4073 ouis
1396 4012 1501 4098 per-⁴

212 4109 414 4200 feetiones
444 4106 717 4226 subruentur,
766 4120 871 4201 mire
913 4121 1077 4222 uariat,
1129 4117 1261 4216 adeo,
1309 4134 1358 4202 ut
1408 4141 1491 4201 non

213 4261 368 4359 rerum
402 4236 487 4350 fit,
535 4269 612 4330 out
644 4244 830 4358 aperire,
879 4245 947 4328 sex
978 4271 1017 4330 r.
1051 4268 1113 4354 gr.
1145 4247 1227 4331 dies
1277 4243 1492 4350 incuban,

212 4391 329 4480 quae
360 4368 449 4454 aliis
479 4374 655 4487 quinque
688 4375 770 4460 dies
804 4373 1031 4482 incubatio,
1066 4374 1140 4460 vix
1172 4373 1349 4485 aequalia
1381 4372 1493 4478 smt,

213 4497 464 4614 iterumque
508 4498 587 4588 alia
637 4504 704 4592 sex
754 4503 920 4592 dierum
954 4527 1031 4590 oua
1066 4505 1236 4615 uidete,
1285 4526 1385 4616 qute
1415 4524 1494 4585 our

497 4617 507 4626 ”
802 4633 958 4738 Essa
1323 4633 1496 4744 septem,
