4600 5875
787 752 790 759 ·
850 652 951 803 '400
1065 688 1324 786 arnan
1387 675 1890 782 nuss1nusrs.

859 940 1030 1036 propter
1064 920 1188 1008 situm
1221 920 1339 1006 suum
1370 916 1490 1029 plane
1521 914 1804 1025 singularem,
1864 915 1982 1041 strata
2006 920 2097 1003 enim

856 1075 1001 1137 torum
1034 1048 1347 1147 horizontaliter
1379 1046 1449 1132 fibi
1482 1050 1662 1132 inuicem
1691 1044 1989 1154 incumbentia,
2019 1048 2098 1133 ssru·

858 1180 1019 1267 duram
1070 1181 1179 1267 muri
1230 1205 1252 1264 a
1302 1195 1446 1261 natura
1499 1174 1692 1259 exstructi
1743 1174 2097 1284 annexuerunt,
2203 1243 2204 1250 Ν

858 1308 1065 1395 nonnullis
1096 1314 1138 1393 in
1172 1306 1273 1391 locis
1304 1304 1490 1389 sortalitii
1524 1308 1735 1416 praerupti
1772 1328 1872 1388 cum
1904 1304 1987 1411 suia'
2008 1305 2096 1392 Pali·
2203 1281 2204 1346 Γ

858 1441 975 1547 gonis
1007 1442 1150 1527 faciem
1180 1432 1450 1523 aemulantur.
1515 1434 1564 1519 ln
1597 1430 1729 1545 lapide
1759 1432 2098 1521 calcareoPedun·
2203 1421 2204 1484 3

857 1568 942 1653 culi
975 1568 1151 1654 diuersae
1185 1563 1478 1679 magnitudinis
1510 1564 1553 1645 in
1587 1564 1644 1647 sat
1696 1587 1842 1671 magna
1886 1567 2004 1675 topia
2042 1591 2099 1675 ap·
2203 1563 2204 1652 ζ

860 1716 1014 1811 parent.
1112 1697 1221 1781 Haec
1273 1693 1390 1777 strata
1441 1690 1584 1802 lapidis
1636 1690 1806 1777 calcarei
1856 1712 1898 1780 et
1931 1693 2098 1779 schillise
2203 1699 2204 1712 '

860 1828 1008 1937 ubique
1047 1846 1201 1911 mutuo
1252 1823 1505 1931 excipiunt,
1554 1840 1597 1905 et
1639 1820 1735 1907 haec
1783 1823 1900 1908 strata
1951 1844 2096 1926 mutua,
2203 1859 2204 1862 Ν

859 1972 1063 2066 quantum
1096 1977 1174 2061 ego
1205 1952 1373 2063 quidem
1407 1951 1539 2056 noui,
1594 1952 1762 2037 alacu
1812 1951 1947 2037 llmen
1995 1958 2098 2037 uersus

861 2080 1117 2169 Porchouam
1167 2100 1210 2163 et
1262 2080 1513 2164 occidentem
1564 2079 1696 2163 uersus
1743 2081 1792 2165 ad
1843 2072 2036 2165 Psc'owam
2069 2101 2098 2165 et

860 2210 1027 2301 Iziorsk
1079 2207 1416 2323 progrediuntur..
1511 2206 1693 2293 Forsitan
1743 2227 1787 2292 et
1828 2210 1928 2295 alios
1978 2210 2097 2305 limita

863 2361 1034 2447 tangunt
1055 2369 1092 2446 ,¹
1119 2343 1161 2425 id
1195 2338 1304 2447 quod
1340 2357 1476 2419 tamen
1511 2322 1748 2445 inuestigare
1778 2339 1959 2449 nequiui.
2043 2338 2099 2421 llis

862 2470 1012 2556 scnissis
1045 2492 1187 2555 omnes
1221 2464 1373 2550 incolae
1407 2489 1483 2573 pro
1513 2468 1783 2552 construendis
1814 2471 1980 2573 sumis,
2023 2469 2098 2578 quin

864 2617 907 2683 tt
962 2595 1062 2683 Salis
1112 2596 1291 2685 castoras
1337 2593 1451 2681 Stura
1470 2639 1489 2653 -
1510 2594 1716 2682 Russenses
1771 2622 1846 2706 pro
1893 2598 2017 2682 furnis
2044 2598 2099 2678 suis

862 2725 1055 2815 eodonis
1103 2741 1312 2820 utuntur,
1370 2724 1566 2830 quoniam
1616 2726 1704 2832 igni
1753 2725 1899 2810 fortius
1950 2726 2100 2810 resistunt

863 2878 986 2966 quam
1023 2855 1176 2940 lateres.
1260 2852 1512 2946 Iomllonam
1548 2854 1652 2940 inter
1680 2875 1723 2939 et
1755 2850 1953 2942 Golinam
1985 2855 2101 2940 fluuius
2202 2913 2204 2955 ;

847 2981 1010 3074 ¹Szelon
1053 3001 1174 3084 totus
1226 2981 1342 3070 salsus
1403 2982 1560 3070 Lacum
1622 2986 1829 3070 llmenum
1892 2985 2100 3094 ingreditur.
2202 3014 2203 3057 l

864 3116 1001 3209 Littus
1035 3112 1179 3223 ubique
1210 3103 1397 3197 schistum
1428 3113 1601 3200 rubrum
1631 3135 1673 3199 et
1706 3115 1881 3226 lapidem
1907 3114 2102 3202 calcareun

847 3241 1101 3347 ,conchyliis
1137 3243 1360 3352 pertendit
1396 3242 1588 3330 refertum
1621 3246 1830 3332 monstrat.
1930 3247 2034 3330 Haec
2061 3245 2106 3329 la·

866 3375 1009 3486 pidum
1060 3377 1176 3455 llrata
1231 3369 1476 3456 horizontali
1528 3377 1700 3480 gaudent
1747 3373 1859 3480 situ,
1908 3392 2104 3483 eorumque

864 3502 1056 3590 descensus
1089 3501 1222 3584 uersus
1257 3504 1447 3586 interiora
1479 3503 1553 3584 vix
1585 3501 1784 3608 angulum
1817 3502 1996 3615 quinque
2034 3527 2107 3611 gn·

843 3634 995 3720 ,duum
1046 3633 1194 3714 format
1228 3628 1325 3741 (unt
1357 3632 1463 3718 luunt
1494 3624 1670 3737 aditur
1704 3627 1941 3744 naucum).
2025 3634 2107 3719 lun

844 3763 982 3850 .strata
1045 3761 1125 3842 fere
1175 3759 1222 3842 ad
1276 3759 1427 3848 ostium
1478 3785 1602 3871 usque
1649 3759 1767 3845 fluuii
1820 3762 1974 3846 Vdnizi
2017 3763 2111 3846 riam
2200 3794 2201 3817 r

863 3893 975 3978 suam
1013 3889 1319 3995 prosequuntur.
1416 3888 1581 3974 Fundus
1610 3889 1738 3975 Lacus
1772 3885 1910 3974 llmen
1944 3890 2114 4002 complu·
2197 3878 2201 4033 l

846 4022 972 4106 ribus
1007 4019 1047 4098 in
1081 4015 1178 4098 locis
1212 4035 1318 4102 terra
1371 4015 1501 4100 soluta
1548 4016 1722 4107 calcanea
1772 4021 1901 4108 scatet.
1994 4021 2118 4106 Littus

864 4147 986 4234 huius
1038 4146 1145 4229 latus
1196 4147 1390 4230 dextrum
1441 4143 1554 4234 Stara
1575 4195 1594 4208 -
1618 4149 1739 4236 uuna
1795 4150 2118 4260 proficiscentibus
2197 4084 2200 4221 s

848 4280 1004 4364 eadem
1039 4273 1318 4360 Phaenomena
1340 4275 1580 4380 monstrat,
1630 4302 1672 4364 et
1707 4279 1840 4364 Insula
1891 4276 2121 4374 Schelesm,
2199 4269 2200 4275 Ν

847 4405 1016 4492 fluuios
1049 4404 1283 4491 Bistritzam
1320 4405 1427 4486 inter
1458 4423 1500 4485 et
1535 4409 1648 4512 Rog‚
1676 4409 1746 4515 qui
1780 4408 1941 4492 brach²a
1972 4409 2123 4493 maioris

866 4535 1050 4623 fluminis
1103 4534 1208 4623 Msta
1258 4535 1381 4634 sunt,
1431 4550 1582 4622 terram
1636 4539 1864 4631 martialem
1914 4559 1958 4623 et
1991 4538 2124 4649 lapides

2028 4693 2126 4753 mar·
