4600 5875
795 691 855 778 u
971 645 1851 772 nn'usvnmoutrir.tua1mn
2031 685 2036 688 ·

787 907 1049 1009 ficientium,
1098 903 1131 989 fi
1179 903 1308 994 modo
1354 901 1519 1017 quaeuia
1569 901 1744 988 variatio
1781 921 1871 986 cen·
1892 889 2057 984 infinite
2169 983 2175 1000 ,

793 1062 920 1154 parua
950 1031 1192 1120 confidemri
1225 1033 1370 1146 pnffit,
1399 1032 1507 1143 quud
1539 1027 1631 1115 fieri
1659 1029 1805 1142 potest,
1833 1029 1959 1114 donec
1974 1049 2060 1112 nna

805 1188 946 1248 merus
973 1160 1257 1247 schedularum
1286 1163 1329 1245 in
1361 1185 1463 1245 urna
1494 1155 1745 1244 residuarum
1801 1155 1919 1244 ualde
1966 1179 2078 1238 mam
2160 1217 2171 1239 .

803 1312 909 1400 gnus
956 1289 1042 1376 cii:
1094 1307 1193 1374 tunc
1242 1288 1353 1370 enim
1395 1287 1528 1374 unlus
1557 1309 1634 1396 pru
1656 1286 1867 1370 eletncuto
1898 1279 2062 1398 infinite

807 1417 941 1504 veluti
974 1437 1103 1529 paruo
1130 1413 1270 1502 haberi
1304 1416 1458 1524 poteli3
1504 1423 1641 1498 eadem
1682 1415 1875 1496 innititur
1921 1407 2066 1522 hypo·

808 1543 912 1634 thes
943 1540 1198 1627 arithmetica
1231 1539 1532 1646 infinitorum,
1567 1563 1650 1652 qua
1680 1539 1961 1624 mathematici
1989 1561 2067 1623 att·

765 1737 773 1750 .
809 1689 850 1754 te
879 1671 1085 1758 deccdum
1115 1668 1324 1754 calculum
1377 1665 1685 1754 differentiulcm
1731 1685 1774 1751 et
1795 1697 1802 1704 ·
1822 1663 2064 1773 integralem

810 1795 873 1881 uh
926 1800 1032 1882 sunt.
1103 1797 1272 1882 Verum
1306 1795 1433 1883 sentio
1464 1811 1756 1904 argumentum
1784 1795 1889 1880 illud
1922 1795 1965 1878 in
1997 1792 2067 1879 ab·

810 1924 956 2011 lltac‘io
986 1922 1244 2036 propositum
1278 1920 1467 2010 ulteriori
1496 1949 1601 2034 opus
1633 1921 1775 2009 habere
1825 1920 2067 2032 explicatio·

810 2073 898 2156 nc;
947 2050 1080 2157 igitur
1128 2053 1180 2138 ad
1226 2073 1317 2136 rem
1368 2053 1495 2168 ipsam
1528 2076 1703 2163 propero
1731 2049 1931 2160 exemplis
1965 2047 2068 2136 illu·

811 2177 1044 2285 sitandam
1078 2179 1218 2290 primo
1243 2196 1385 2262 autem
1418 2179 1570 2284 analyli
1604 2195 1696 2263 utar
1727 2178 1925 2288 ¹uulgari,
1956 2178 2069 2264 inde·

809 2325 892 2418 que
922 2305 971 2392 ad
1005 2307 1127 2390 usum
1158 2304 1402 2412 algorithmi
1434 2300 1750 2390 infiniterimalis
1776 2307 2018 2396 descendum.

837 2499 842 2504 .
891 2424 894 2430 ’
958 2433 995 2534 §.
1032 2455 1074 2514 α.
1106 2427 1325 2520 Probiana:
1356 2431 1450 2520 Sint
1500 2432 1710 2520 schedulae
1748 2455 1935 2524 'numero
1983 2433 2071 2546 pati
2122 2501 2130 2508 .

811 2555 859 2644 in
892 2579 996 2644 urna
1029 2555 1227 2670 repositae
1269 2583 1492 2674 carumque
1534 2562 1651 2648 binae
1699 2560 1879 2675 fingulae
1924 2565 2072 2650 codem

813 2706 994 2774 nurnero
1025 2702 1186 2774 notatae
1219 2688 1274 2770 ita
1307 2708 1355 2776 uc
1383 2687 1511 2792 alteru
1541 2687 1710 2792 alterius
1741 2689 1793 2776 lit
1832 2690 1932 2774 socia
1980 2711 2076 2772 am·

812 2811 966 2926 hacque
995 2837 1128 2900 unum
1156 2815 1400 2902 constituant
1431 2844 1536 2928 ραις
1585 2817 1739 2902 diuersa
1773 2835 1914 2902 autem
1960 2814 2074 2927 paria

812 2941 985 3027 diuersis
1012 2943 1202 3027 numeris
1231 2959 1365 3028 notata
1397 2964 1616 3057 putentur,
1647 2962 1695 3033 ut
1728 2944 1784 3033 fic
1817 2943 1974 3053 singula
2004 2969 2077 3056 pe·

815 3067 879 3151 ria
909 3093 933 3157 a
961 3070 1004 3155 se
1033 3068 1216 3154 inuicem
1246 3070 1422 3179 dignosci
1455 3074 1626 3185 possint3
1676 3089 1768 3166 tum
1800 3072 1906 3157 sorte
1931 3090 2078 3159 extra·

817 3191 973 3281 huntur
1001 3216 1055 3279 ex
1087 3219 1190 3281 urna
1221 3192 1431 3285 schedulae
1478 3226 1558 3286 una
1607 3202 1694 3311 posi
1739 3198 1941 3307 alteram
1985 3221 2080 3311 quo

818 3319 959 3429 fastu,
997 3327 1241 3437 quaeritur,
1280 3326 1377 3413 dato
1407 3350 1583 3413 numero
1609 3326 1895 3417 schedularum
1927 3325 1970 3411 in
2002 3348 2082 3410 ur·

820 3472 874 3531 na
903 3448 1194 3557 residuarum,
1239 3472 1437 3564 quomam
1472 3455 1725 3565 probabiliter
1757 3461 1800 3541 in
1847 3480 1902 3538 eo
1941 3456 2079 3540 sutura

821 3572 903 3659 fint
935 3578 1047 3689 paria
1075 3578 1231 3685 integra
1265 3578 1469 3691 sumulque
1499 3602 1601 3694 quot
1632 3584 1839 3671 schedulae
1870 3583 1939 3669 sua
1961 3604 2081 3670 com·

667 3744 674 3757 ·
819 3702 912 3817 pari
944 3720 1017 3787 aut
1048 3704 1150 3788 socia
1181 3704 1300 3789 orbae
1328 3710 1592 3795 remansurae.
2184 3699 2191 3719 ’

928 3938 932 3947 .
971 3824 1133 3914 Sulrctiu.
1193 3830 1257 3917 Sit
1304 3836 1501 3919 numerus
1550 3842 1747 3923 omnium
1794 3837 2080 3927 schedularum

824 3973 954 4041 :aa
998 3958 1291 4069 omniumque
1322 3962 1422 4045 adeo
1474 3966 1637 4072 parium
1668 3990 1782 4073 zu,
1814 3970 1902 4077 pou
1934 3968 2083 4053 uuam

807 4096 965 4163 ¹autem
996 4085 1289 4197 cepetitamque
1317 4090 1610 4177 extructionem
1639 4118 1837 4177 numerus
1875 4092 2084 4187 schedula·

826 4226 927 4285 tum
959 4204 1003 4288 in
1034 4230 1136 4327 uma
1166 4212 1424 4323 superstitum
1457 4242 1564 4325 τις
1598 4242 1690 4304 tum
1723 4240 1897 4332 ponatur
1934 4248 2086 4309 nume·

832 4350 905 4410 rus
933 4335 1094 4439 parium
1124 4339 1384 4451 superstitum
1418 4368 1511 4429 :a
1542 4346 1717 4456 adeoque
1746 4374 1943 4434 numerus
1973 4350 2088 4437 sche-

783 4452 1028 4600 dularum
1058 4466 1162 4581 socia
1193 4470 1261 4555 sua
1284 4472 1508 4581 ‚priuatum
1538 4499 1726 4577 ,ἰν-η
1783 4475 1866 4581 ,His
1899 4481 1954 4566 ita
1987 4504 2091 4576 con-

1933 4605 2088 4690 dirutis
