4600 5875
483 655 681 755 numu
724 658 1268 760 MATRIMONIORVM.
1407 685 1494 796 ¹¹9

103 867 105 944 ss
231 885 326 979 ntis
354 907 535 975 accurate
566 881 836 1002 explicabunt.
935 891 1215 1004 Exemplum,
1250 867 1360 1004 quoti
1390 911 1497 976 nunc

103 1057 104 1060 ¹
237 1005 425 1127 afferam,
451 1019 571 1104 instar
602 1023 793 1104 omnium
826 1022 918 1108 erit.

103 1303 104 1316 Ν
389 1210 586 1295 Putemus
618 1233 726 1294 noua
760 1208 855 1294 initi
911 1214 1172 1296 matrimonia
1221 1210 1327 1295 inter
1375 1198 1499 1324 quinss
1620 1245 1645 1311 χ

103 1363 105 1440 5
238 1354 376 1446 gentas
408 1339 588 1444 uirgines
620 1335 796 1445 lingulas
828 1339 977 1447 uiginti
1010 1360 1130 1424 annos
1162 1358 1271 1422 natas
1303 1340 1516 1454 totidem·-

103 1513 105 1522 ,
237 1487 316 1580 que
345 1467 458 1552 uiros
490 1466 752 1576 quadraginta
783 1488 998 1553 annorum.
1096 1465 1163 1554 Sic
1218 1469 1297 1550 erit
1344 1471 1499 1553 iterum

103 1595 104 1602 ‘
236 1613 450 1701 tt35003
483 1611 577 1676 tum
611 1618 712 1680 ueto
762 1593 987 1704 inquirendi
1040 1598 1215 1681 ueniunt
1261 1598 1426 1678 numeri
1477 1619 1499 1678 s

235 1742 279 1805 et
311 1739 331 1805 t
363 1725 449 1834 post
482 1718 659 1828 singulos
697 1719 847 1834 elapsos
894 1714 1017 1807 annos
1066 1722 1174 1806 fine·
1201 1725 1365 1807 numeri
1414 1702 1528 1809 tam‘

103 1957 105 1962 ,
221 1849 433 1965 “uirorum
489 1873 614 1959 quam
666 1853 936 1936 foeminarum
989 1852 1281 1962 superstitum3
1329 1872 1501 1966 uterque

103 1967 105 2090 ζ
212 1965 440 2060 'numerus
470 1977 577 2062 sacili
605 1978 832 2095 ¹admodum
863 1975 1019 2064 calculo
1052 1981 1263 2094 inuenitur
1311 2003 1388 2093 ope
1438 1980 1502 2064 se-

233 2104 391 2192 cundae
424 2101 638 2190 columnae
686 2103 845 2190 tabulae
893 2105 1046 2192 nostrae
1098 2103 1349 2219 paragrapho
1390 2107 1502 2193 sexto

237 2242 445 2320 annexae:
501 2233 670 2319 Etenim
703 2256 898 2317 numerus
931 2253 950 2317 t
984 2232 1191 2320 obtinetur
1219 2235 1411 2320 sumendo
1441 2237 1506 2320 ni·

238 2351 421 2447 midium
452 2359 632 2474 cuiusuir
667 2360 837 2464 numeri
865 2362 907 2443 in
938 2363 1111 2470 praelata
1143 2364 1334 2448 columna
1367 2363 1505 2446 secun·

103 2465 105 2598 ᾇ
241 2489 291 2574 da
325 2485 526 2600 expresfi3
556 2485 586 2572 st
619 2473 759 2608 illique
792 2487 863 2572 iste
894 2506 1091 2569 numerus
1121 2486 1319 2576 dimidius
1353 2488 1504 2573 multi-

103 2621 105 2734 }
237 2611 417 2730 plicetur
447 2641 520 2728 per
555 2620 618 2720 &24⁰5
639 2639 661 2721 ,·
678 2603 894 2700 lt'abebitur
927 2640 1124 2701 numerus
1157 2644 1201 2724 ες
1242 2611 1314 2700 ista
1362 2637 1503 2702 autem

236 2743 541 2854 multiplicatio
571 2745 660 2826 ideo
689 2744 862 2828 facienda
891 2741 980 2850 eil,
1023 2732 1118 2855 quia
1147 2766 1344 2829 numerus
1381 2750 1506 2834 tiro,

103 2887 105 2922 ¹
238 2894 344 2959 rum
376 2871 617 2985 primitiuus
646 2867 889 2984 supponitur
920 2892 1096 2975 :5002
1127 2892 1246 2983 atque
1275 2869 1328 2955 fic
1351 2873 1505 2961 litma-

103 2994 105 3013 '
237 3000 355 3088 bitur
387 2999 579 3084 columna
611 2998 775 3085 secunda
806 3024 885 3110 pro
914 3002 1017 3085 uiris
1049 3020 1170 3110 atque
1196 3002 1384 3086 foeminis
1394 3024 1504 3115 ‘quo-

212 3118 307 3214 ‘tis
339 3152 446 3209 anno
476 3122 761 3237 superstitibus.
854 3124 929 3208 liis
961 3120 1132 3235 petallis
1164 3128 1406 3215 formabitur
1436 3157 1509 3215 co·

235 3256 389 3341 'lomna
420 3252 576 3358 tertia,
605 3276 707 3363 quae
740 3254 1003 3338 matrimonia
1036 3252 1193 3340 refidua
1227 3253 1409 3364 indicat,
1437 3259 1507 3343 su·

252 3404 397 3490 mendo
425 3380 503 3512 pro
530 3400 814 3521 quouiranno
853 3402 1122 3509 quantitatem
1172 3376 1232 3509 ἶς’.
1313 3404 1505 3515 Denique

246 3549 386 3645 quarta
416 3554 460 3611 ac
490 3529 632 3641 quinta
663 3525 887 3649 columna,
933 3551 1039 3645 quae.
1081 3546 1306 3615 numerum
1356 3536 1507 3619 viduo·

246 3683 343 3745 rum
375 3681 418 3740 ac
449 3658 669 3743 uiduarum
702 3654 910 3762 indicant,
949 3656 1239 3756 construuntur
1270 3657 1506 3746 subtrahen‘·
1589 3757 1592 3764 Ι

243 3792 297 3875 do
329 3809 550 3871 numerum
583 3782 948 3869 matrimoniorum
989 3780 1245 3871 residuorum
1284 3812 1307 3872 a
1357 3814 1508 3875 nume·

153 3974 162 4003 .
248 3944 296 4003 ro
329 3914 519 4001 virorum
553 3910 621 3998 tel
653 3939 676 3996 a
711 3936 885 3996 numero
915 3907 1188 4000 foeminarum
1230 3919 1505 4025 supprstitum.

248 4046 459 4132 Numeros
489 4062 628 4126 autem
662 4039 864 4146 ultimos,
913 4042 960 4127 ad
990 4060 1090 4154 quos
1123 4043 1256 4128 tabula
1292 4042 1506 4127 mortualia

159 4234 165 4251 .
249 4168 455 4259 Holleiotta
487 4196 567 4256 non
601 4166 820 4281 pertingit,
846 4173 1036 4279 quamuis
1070 4191 1140 4280 pet
1173 4173 1209 4255 se
1243 4169 1395 4255 nullius
1426 4175 1509 4255 fere
1593 4243 1598 4253 .

252 4298 327 4387 lint
357 4300 590 4401 momenti,
626 4317 757 4403 tamen
787 4296 983 4387 addendos
1013 4296 1187 4415 aliisque
1217 4297 1362 4387 tabulis
1390 4324 1509 4394 mor·

255 4428 425 4515 tualibus
454 4422 774 4545 superstruendos
812 4420 949 4547 duxi„
1496 4460 1500 4471 ·

1471 4573 1508 4708 ι’
