4600 5875
437 656 1264 777 INTESTINORVM·
1381 688 1472 796 455

213 902 365 1019 tarintt
397 917 534 1012 atque
580 920 601 981 a
650 900 811 989 summo
861 890 1053 989 Creatore
1100 897 1194 1007 Ipso
1244 898 1481 985 immediate

217 1030 463 1141 produsiae,
516 1030 754 1137 tandemque
797 1054 866 1143 per
895 1040 1025 1115 causas
1057 1030 1278 1113 accidentes
1306 1031 1481 1137 euigila-

212 1176 275 1273 'tae
308 1156 449 1270 quast,
484 1154 556 1241 sese
583 1162 775 1245 euoluere
807 1161 1033 1268 hripum,
1062 1158 1323 1267 expandant,
1361 1183 1402 1243 et
1433 1160 1481 1243 ad

217 1313 403 1373 nonnam
438 1289 606 1395 denique
640 1290 768 1373 adusti
819 1291 1002 1397 corporis
1055 1286 1279 1373 increscant.
1383 1290 1481 1373 Nou

217 1420 269 1503 ita
301 1420 391 1501 dieo
426 1417 659 1499 institutum
690 1414 764 1503 esse
804 1414 933 1501 videri
984 1420 1032 1504 de
1083 1432 1263 1524 natura,
1314 1415 1376 1499 sed
1427 1422 1482 1501 ita

216 1548 385 1657 potius,
421 1562 467 1627 ut
501 1543 697 1661 formatio
728 1566 953 1655 corporum
987 1551 1274 1652 organicorum
1309 1544 1351 1625 in
1386 1550 1482 1630 uni·

215 1676 377 1760 versum
418 1662 508 1759 solis
561 1670 715 1759 viribus
767 1666 905 1759 relicta
953 1672 1002 1759 srt
1052 1676 1332 1776 naturalibus,
1380 1698 1482 1783 quae

213 1804 406 1891 materiae
468 1798 632 1887 animali
692 1820 763 1887 aut
814 1804 1027 1911 vegetabili
1082 1802 1232 1908 insrnt3
1282 1804 1484 1890 eiusmodi

212 1952 316 2019 uero
352 1924 550 2033 materia,
601 1928 746 2015 talibus
775 1934 931 2015 uiribus
965 1932 1156 2021 instructa
1195 1935 1430 2017 immediate
1463 1955 1486 2016 tr

214 2062 309 2148 Deo
340 2084 391 2143 ex
425 2052 554 2141 nihilo
585 2082 714 2143 creata
747 2061 809 2145 srt.
923 2058 1035 2141 Nam
1067 2057 1096 2140 si
1128 2084 1180 2143 ex
1213 2086 1342 2171 paruo
1375 2062 1486 2144 inui-

159 2278 165 2287 ,
213 2189 317 2273 fihisi
351 2190 414 2272 sed
450 2191 611 2292 integro
638 2210 678 2271 et
713 2189 922 2299 completo
955 2187 1187 2273 uentriculo
1217 2192 1488 2299 praeexisten-

212 2332 254 2403 te
289 2311 530 2400 maiusrulus
583 2314 721 2399 sensrm
763 2334 804 2401 et
857 2310 1025 2398 visibilis
1073 2338 1330 2425 emergerem
1381 2321 1531 2403 inte··
1647 2413 1651 2417 ,

213 2467 337 2557 grum
370 2463 563 2555 quoque,
615 2445 950 2551 quamprimum
988 2442 1230 2546 videretur,
1278 2466 1321 2533 et
1371 2473 1491 2531 comt·

213 2575 408 2687 pletum,
439 2593 615 2679 ueraque
647 2567 868 2655 uentriculi
901 2567 1030 2653 adulti
1063 2569 1134 2655 sub
1158 2570 1296 2656 sorma
1327 2595 1369 2656 et
1401 2577 1490 2683 spe·

129 2708 132 2715 ’
210 2708 312 2813 cie,
344 2698 498 2805 issum,
535 2704 816 2807 ‚quantumuis
847 2697 1084 2805 exiguum,
1133 2722 1343 2811 oporteret
1373 2703 1491 2789 vide.

207 2837 286 2942 τίς
351 2850 560 2940 nunquam
613 2848 712 2911 vero
775 2826 1027 2931 dimidium,
1093 2850 1303 2940 nunquam
1372 2857 1492 2941 aper·

209 2983 343 3068 tum,
382 2979 613 3072 ¹nunquam
672 2951 814 3041 alienis
864 2981 961 3066 curn
996 2955 1177 3066 partibus
1206 2959 1487 3047 consumtum.

208 3091 293 3182 sed
324 3091 418 3177 haec
451 3092 497 3172 in
526 3077 753 3170 corollariis
785 3083 1068 3172 dissertationis
1100 3084 1223 3170 susms
1268 3090 1490 3196 pertracta·

206 3221 274 3310 bo.
370 3215 588 3308 Caeterum
641 3211 740 3300 haec
775 3211 995 3301 ventriculi
1030 3213 1164 3324 prima
1199 3216 1486 3323 adumbratio,

204 3351 331 3436 fouet
366 3348 512 3436 scilicet
543 3343 752 3450 cardina,
800 3347 907 3430 inter
942 3341 1075 3454 prima
1124 3345 1251 3426 totius
1300 3347 1489 3430 animalis

203 3481 384 3580 flamina
415 3476 617 3564 referenda
649 3476 712 3560 ess.
810 3469 952 3558 Primo
985 3472 1251 3556 incusationis
1293 3473 1357 3554 die
1409 3474 1489 3561 hoe

203 3606 465 3712 orificium,
495 3603 603 3720 quod
634 3627 684 3688 eo
717 3621 904 3711 tempore
936 3597 1017 3686 late
1052 3617 1194 3710 patet,
1241 3599 1359 3706 aidi,
1412 3629 1487 3686 ne·
1523 3697 1527 3703 ,

204 3763 328 3852 que,
375 3739 584 3852 postquam
619 3731 742 3817 semel
782 3728 888 3815 illud
938 3725 1168 3834 noueram,
1214 3728 1486 3836 embryonem

202 3869 343 3976 uidi,
391 3871 433 3954 in
483 3887 565 3976 quo
615 3859 909 3970 idemipsum
962 3885 1043 3945 non
1077 3858 1196 3942 hmul
1230 3859 1487 3968 apparuisset.

201 3997 298 4089 Sed
348 3999 507 4099 etiam,
556 3991 664 4100 quod
712 3987 873 4096 uulgari
923 3988 1108 4098 opinioni
1157 4006 1199 4070 et
1238 3987 1489 4073 euolutionis

203 4152 389 4242 quoque
434 4116 660 4235 hypothesi
703 4121 856 4207 iterum
903 4121 1150 4202 contrarium
1201 4117 1289 4222 est,
1338 4122 1489 4227 saepius

198 4257 490 4364 emh-yonam
525 4249 647 4354 uidi,
681 4249 748 4334 ubi
783 4242 991 4335 orificium
1025 4243 1102 4332 hoc
1135 4247 1361 4332 cardiacum
1393 4252 1490 4358 qui·

196 4388 350 4489 dem,
382 4383 444 4468 sed
475 4377 640 4465 nussum
669 4397 777 4464 certe
810 4401 881 4462 cot
913 4378 1079 4482 aderat,
1119 4398 1168 4462 ut
1199 4363 1298 4485 e'rgo
1330 4382 1489 4463 nentri-

196 4513 337 4634 eulut
369 4511 541 4604 omnino
572 4507 835 4642 cordeprior
867 4505 1014 4591 existat.

1346 4637 1375 4736 §-
1414 4650 1485 4736 58·
