4600 5875
799 629 893 712 rao
1001 596 1105 689 DE
1155 573 1859 683 CALCVLO‘MOTVS

784 815 1001 924 'calculum
1032 813 1297 938 ingeranturc
1332 820 1492 908 rnirurn
1524 813 1614 900 saue
1659 835 1746 898 non
1795 809 1884 916 est,
1912 812 2072 906 *maxi-

797 991 914 1053 mam
942 948 1042 1048 -hi'nc
1070 955 1307 1045 molestiam
1336 970 1379 1036 et
1410 944 1697 1036 confusionem
1738 939 1848 1025 oriri
1892 941 2072 1050 debere,

796 1097 867 1184 cui
899 1089 1109 1176 unitandae
1139 1084 1252 1170 uliud
1292 1080 1525 1166 remedium
1576 1099 1658 1158 non
1708 1067 1907 1181 superesse
1955 1073 2072 1157 uide.

799 1243 908 1330 tur,
941 1218 1016 1307 nist
1046 1237 1096 1304 vt
1127 1214 1268 1301 omnia
1297 1210 1500 1296 elementa
1529 1201 1705 1289 sollicite
1743 1202 2077 1318 distinguantur,

796 1373 842 1440 et
874 1350 1055 1462 lingulae
1084 1345 1337 1457 operationes
1369 1338 1429 1423 ita
1461 1335 1750 1435 instituantur,
1780 1351 1831 1417 ut
1850 1334 1894 1416 in
1912 1357 1978 1419 eas
1993 1361 2074 1420 noa

798 1483 921 1598 plura
954 1477 1228 1565 admittantur
1259 1469 1494 1574 elementa,
1547 1489 1673 1577 quarn
1704 1462 1748 1545 in
1782 1482 1873 1546 eam
1907 1462 2075 1549 nocella·

799 1615 867 1698 rio
899 1603 1200 1722 ingrediuntur.
1281 1599 1345 1720 lta
1375 1599 1489 1683 enim
1537 1591 1868 1681 commodiffime
1918 1595 2074 1679 cauebi·

802 1741 910 1844 tur,
958 1762 1010 1821 ne
1058 1733 1232 1820 attentio
1273 1731 1404 1835 nostra
1433 1723 1564 1817 nimia
1593 1723 1897 1810 elementorum
1930 1721 2078 1813 multi·

693 1932 697 1942 ·
803 1869 948 1960 tudine
977 1864 1191 1958 obruatur.
1267 1918 1304 1993 '.

1413 2055 1471 2148 Il

959 2243 1181 2356 Praecipua
1219 2244 1389 2358 quidem
1441 2243 1568 2329 huius
1617 2237 1936 2352 inuestigationis
1986 2257 2081 2354 prrr
2207 2230 2208 2311 Ψ

807 2379 860 2476 acl
889 2379 1173 2466 mechanicam
1203 2378 1261 2461 est
1291 2375 1525 2479 referentia,
1568 2396 1667 2456 cum
1703 2391 1840 2459 motus
1869 2373 2083 2484 peremta·
2180 2482 2182 2491 Ι

810 2519 873 2598 tio
920 2531 975 2596 ex
1027 2504 1185 2596 viribus
1216 2504 1403 2614 corporis
1437 2503 1709 2616 perturbantis
1738 2501 1793 2588 fit
1830 2500 2084 2606 definienda3

810 2635 1013 2758 principia
1044 2651 1184 2721 autem
1219 2633 1452 2722 mechanica
1485 2635 1542 2722 ita
1573 2635 1666 2717 suut
1718 2653 1983 2746 compunta,
2034 2645 2084 2715 ut

655 2763 666 2786 ’
808 2792 864 2868 ex
896 2767 946 2854 iis
979 2761 1089 2847 locus
1121 2765 1330 2877 corporis,
1379 2763 1503 2848 'cuius
1557 2781 1696 2849 motor
1742 2767 1989 2876 quaeritur,
2036 2759 2084 2844 ad

809 2896 987 3011 quoduis
1017 2909 1182 3004 tempus
1215 2920 1288 3005 per
1321 2911 1453 2980 terme
1475 2895 1735 2983 coordinatus
1773 2895 1955 2981 inuicem
1984 2907 2086 2977 nor·

811 3025 942 3117 males
988 3024 1318 3111 commodiffime
1364 3027 1694 3133 determinetur;
1756 3048 1905 3113 uerum·
1963 3016 2088 3107 altera

811 3168 905 3273 pars
936 3153 1050 3243 haud
1078 3150 1281 3239 leuiorem
1310 3154 1594 3241 euolutionem
1627 3157 1839 3267 requirit,
1887 3178 1967 3269 qua
2020 3154 2089 3240 lo·

811 3310 886 3375 eus
918 3286 963 3368 in
1001 3280 1129 3392 priori
1166 3300 1281 3393 parte
1310 3282 1508 3369 definitus
1539 3286 1589 3370 ad
1639 3311 1801 3373 rnorem
1847 3287 1891 3372 in
1945 3284 2090 3369 Allro·

813 3415 956 3505 nomia
988 3430 1201 3521 receptum
1234 3414 1374 3499 reduci
1403 3417 1552 3521 debet,
1602 3440 1688 3527 quo
1731 3414 1884 3502 scilicet
1931 3399 2117 3496 diuersa⁴

815 3542 924 3632 coeli
955 3539 1044 3630 loca
1078 3565 1150 3651 per
1183 3541 1486 3651 longitudinem
1520 3564 1562 3630 ct
1594 3544 1857 3633 latitudinem
1901 3539 2091 3656 exprimi

815 3676 958 3763 solent.
1055 3671 1197 3784 Atque
1245 3671 1347 3761 hanc
1396 3678 1658 3788 posteriorem
1712 3699 1902 3792 partem,
1962 3690 2093 3786 quam

815 3800 1115 3914 geometricam
1146 3802 1351 3913 appellare
1381 3804 1513 3914 licet,
1559 3806 1684 3917 probe
1716 3805 1909 3916 distingui
1939 3825 2093 3891 conue-

816 3935 883 4021 nit
915 3958 939 4018 a
971 3928 1134 4044 priori,
1186 3952 1290 4040 quae
1321 3952 1408 4019 tota
1460 3932 1715 4023 mechanicae
1765 3941 1823 4025 est
1871 3932 2087 4020 tribuenda

816 4060 1043 4151 Obseruaui
1092 4072 1258 4167 autem,
1291 4057 1363 4150 has
1393 4065 1490 4150 duas
1529 4084 1662 4180 parter
1692 4092 1774 4153 non
1804 4066 1942 4154 solum
1975 4090 2096 4151 com·

820 4191 1000 4280 medea
1031 4192 1068 4275 se
1100 4191 1282 4280 inuicem
1326 4194 1529 4306 separari,
1581 4198 1644 4282 scd
1693 4198 1821 4285 etiam
1871 4216 2095 4304 utramque

819 4338 917 4407 turn
951 4316 1090 4405 multo
1121 4321 1298 4411 faciliori
1328 4328 1494 4434 negotio
1526 4326 1764 4441 peremeiati
1797 4327 1931 4447 polle,
1964 4346 2094 4437 quam

818 4449 1021 4545 uambae
1045 4451 1303 4545 canunnin
1331 4459 1523 4579 expedire
1569 4456 1787 4553 vellemus.
1883 4455 2091 4576 Quamuis

1129 4632 1131 4637 ·
1231 4628 1235 4638 ’
1951 4598 2094 4675 autem
