4600 5875
837 688 932 773 440
1130 655 1235 751 DE
1298 638 1858 750 FORMATIONE

841 914 967 1038 porro
997 886 1088 995 est,
1138 912 1241 999 quae
1273 907 1371 973 cum
1401 882 1604 975 contentis
1634 880 1872 992 embryonir
1904 878 2103 996 partibus,

686 1082 690 1087 -
841 1022 972 1131 capite
1003 1038 1044 1103 et
1078 1018 1274 1130 penore,
1313 1016 1377 1099 die
1409 1034 1557 1127 quarto
1589 1010 1754 1105 fiuito
1742 1036 1906 1101 marea
1937 1014 2101 1102 fundum

840 1151 946 1262 petit
973 1149 1028 1235 ob
1056 1151 1301 1256 grauitatem
1336 1147 1512 1290 capitis,
1562 1143 1667 1231 vnde
1697 1143 1893 1233 dimidius
1930 1143 2102 1258 superior

839 1280 1015 1387 embryo
1046 1274 1125 1366 hoc
1160 1297 1349 1386 tempore
1379 1275 1423 1365 in
1454 1296 1545 1359 area
1573 1275 1781 1367 euanescit
1854 1272 2010 1361 Eadem
2043 1274 2103 1365 de·

841 1410 996 1521 nique,
1030 1432 1133 1520 quae
1165 1405 1352 1518 plurium
1384 1400 1560 1491 aliorum
1583 1462 1596 1508 ,
1623 1425 1739 1514 *quae
1771 1406 1814 1488 in
1846 1404 2105 1517 subsequenti·

839 1536 911 1625 bus
941 1554 1226 1647 exponentur,
1258 1531 1637 1649 phaenomenorum
1670 1531 1783 1621 causa
1799 1551 1842 1618 et
1860 1536 2103 1647 principium

841 1668 1102 1778 cognoscendi
1130 1667 1201 1751 est.
1268 1664 1382 1752 Cum
1416 1664 1700 1769 integumento
1731 1681 1937 1755 caeterum
1966 1666 2102 1778 capitit

841 1800 1090 1904 stramineo,
1133 1797 1370 1889 cuiusmodi
1401 1791 1594 1885 mulieres
1625 1792 1887 1882 berolinenses
1919 1810 2105 1901 utuntur,

840 1948 1037 2035 magnam
1067 1924 1181 2010 ‘mihi
1216 1913 1532 2019 fimilitudinem
1566 1921 1711 2017 habere
1744 1928 1901 2039 suuper
1932 1926 2019 2009 uisa
2056 1926 2103 2012 eti

839 2054 937 2151 haec
972 2078 1094 2166 pars,
1144 2056 1262 2141 cuius
1291 2071 1363 2139 aut
1393 2053 1530 2163 prima
1561 2054 1794 2166 rudimenta
1814 2096 1841 2159 ,·
1874 2071 1945 2141 aut
1979 2058 2103 2165 ipsum

840 2186 1026 2277 habitum
1060 2184 1318 2297 perustum,
1347 2199 1419 2267 aut
1449 2184 1614 2291 uestigia
1645 2182 1819 2295 denique
1850 2205 1893 2268 et
1926 2170 2104 2295 reliquias

734 2366 738 2373 ’
839 2336 911 2411 ιιι
941 2314 1103 2409 effectus
1135 2338 1299 2426 quoque
1328 2331 1374 2403 rt
1403 2308 1716 2421 phaenomena,
1759 2338 1862 2425 quae
1906 2314 2102 2425 producit,
2212 2431 2213 2438 ι

629 2458 634 2468 ’
840 2450 961 2539 toties
1011 2467 1108 2527 cum
1162 2441 1294 2529 animi
1340 2440 1621 2549 inquietudine
1652 2444 1949 2553 contemplatus
1978 2443 2105 2549 sum,
2212 2443 2213 2498 ι

838 2594 1092 2684 antequam,
1122 2571 1223 2687 quid
1256 2573 1427 2685 proprie·
1458 2566 1544 2681 fit,
1582 2588 1654 2661 aur
1687 2575 1795 2667 vade
1827 2572 1910 2685 fit,
1956 2596 2085 2683 cogno

676 2692 679 2699 ’
719 2742 723 2751 ·
775 2790 780 2799 ,
840 2700 996 2799 wiffam.

614 2898 750 2978 Inuolu-

615 3101 689 3180 dae.

527 3201 799 3308 ·fig...27

614 3310 713 3381 ιιι

989 2898 1023 3004 ι.
1061 2918 1133 3003 40
1168 2896 1289 2986 Atia
1299 2894 1431 2986 builae
1467 2922 1555 3010 pars
1582 2900 1637 2987 est
1671 2866 1874 3006 inferior,
1924 2927 2027 3017 quae
2058 2901 2105 2992 ii·

614 3025 712 3078 “⁰¹¹¹
741 3029 830 3080 ⁶¹¹¹·
827 3033 934 3112 nem
965 3030 1052 3113 eius
1084 3031 1321 3115 inferiorem
1352 3029 1590 3140 constituit,
1626 3037 1767 3143 minus
1803 3030 1968 3142 quidem
1988 3058 2106 3146 quum

838 3159 970 3304 prior·
987 3155 1212 3261 notabilis,
1243 3161 1307 3244 sed
1333 3157 1542 3267 fingulare
1575 3180 1751 3266 tamen,
1801 3161 1908 3274 quod
1940 3188 1991 3247 eo
2025 3168 2105 3253 ideo

2086 2617 2105 2693 τ
2211 2601 2213 2700 ι

838 3287 1009 3373 nomine
1041 3286 1184 3372 uenire
1215 3312 1380 3401 quoque
1433 3292 1594 3402 potest,
1642 3291 1907 3377 inuolucrum
1957 3295 2105 3376 caudae.
2210 3322 2211 3367 ι

836 3413 1019 3504 Crudum
1052 3432 1191 3502 autem
1223 3437 1266 3502 et
1314 3416 1432 3530 pedes
1483 3416 1608 3504 fimul
1659 3420 1872 3525 inuoluit,
1922 3441 1965 3506 et
2016 3443 2108 3533 quae
2209 3373 2211 3453 ¹

836 3571 927 3696 pars
960 3544 1030 3632 soii
1064 3546 1212 3631 caudae
1243 3550 1489 3660 respondet,
1538 3571 1587 3635 ra
1620 3570 1744 3662 aeque
1768 3575 1822 3638 ac
1853 3551 2001 3662 capitis
2043 3576 2109 3635 va

834 3677 984 3786 ginaa
1035 3677 1279 3762 membranis
1327 3700 1441 3763 areae
1489 3656 1720 3792 ermanus,
1755 3679 1903 3820 quinus¹
1956 3679 2111 3794 'reliqua

832 3803 945 3894 bulla
979 3804 1182 3892 incumbit
1211 3825 1255 3892 et
1287 3803 1510 3912 adhaeret,
1562 3804 1719 3894 eleuata
1755 3820 1796 3894 et
1815 3791 2006 3924 separata
2038 3800 2114 3946 ιιι·

834 3933 930 4021 istit
980 3927 1176 4024 Interim
1210 3954 1348 4022 tamen
1382 3953 1478 4020 tota
1503 3958 1599 4050 pars
1628 3918 1853 4062 inferior,
1882 3966 1984 4053 quae
2012 3926 2117 4051 cau'·

833 4064 929 4148 dam
963 4084 1176 4150 unacum
1211 4066 1375 4176 pedibus
1405 4061 1749 4178 comprehendit,
1766 4085 1990 4181 tauquam
2024 4060 2131 4155 vu'a

729 4213 733 4223 ·
832 4191 1047 4306 ettonem
1080 4219 1172 4304 pars
1203 4193 1444 4282 considerari
1475 4195 1600 4286 debet.
1649 4197 1866 4304 Figuram
1902 4199 1997 4291 haec
2030 4195 2121 4284 ha·

832 4317 901 4406 bet
931 4297 1012 4405 sere
1060 4326 1396 4453 pyramidaleru,
1442 4327 1558 4491 cuiue
1602 4344 1746 4444 apex
1757 4328 1964 4480 interior,
2006 4323 2119 4418 bafia

832 4433 1015 4566 superior
1048 4441 1109 4632 srt.
1343 4480 1347 4492 ’
1460 4475 1469 4497 ’

1794 4595 1829 4612 ¹*
1961 4663 1996 4768 §-
2028 4596 2125 4764 ⁵41·

2207 3530 2210 3693 ι
