4600 5875
746 806 757 825 ,
855 716 952 805 450
1141 682 1864 837 Dentonntfflozna

853 950 978 1013 acum
1011 947 1173 1039 quoque
1205 917 1460 1013 subtiliorem
1489 920 1711 1031 admittit,
1744 924 1872 1033 adeo,
1903 944 1953 1013 vt
1987 924 2127 1015 orificii

855 1078 1001 1165 margo
1034 1055 1188 1146 eleuari
1220 1056 1352 1168 poffit.
1578 1060 1587 1072 '

646 1334 727 1413 Eius
752 1332 837 1431 figu-
1010 1312 1045 1418 ς.
1083 1332 1157 1417 51.
1192 1308 1357 1433 Figura-
1377 1306 1475 1400 haec
1503 1313 1619 1399 fouet
1651 1308 1783 1397 oualis
1815 1304 1896 1395 fere
1926 1310 2012 1421 est,
2067 1316 2130 1401 stt·

481 1512 487 1527 .
642 1462 695 1555 ¹²:
857 1468 982 1557 perne
1013 1460 1056 1531 et
1092 1442 1231 1528 versus
1263 1443 1370 1528 latus
1399 1443 1529 1526 amnii
1560 1442 1686 1550 spurii
1714 1446 1911 1529 neutrale
1960 1449 2129 1531 rotunda

644 1534 731 1641 [Frg.
747 1526 834 1637 Pk)
856 1596 906 1673 et·
932 1573 1058 1661 latior
1080 1630 1106 1676 ‚.
1126 1573 1312 1658 deorsum
1346 1594 1447 1658 tero
1479 1569 1636 1655 senfim‘
1651 1571 1889 1678 angustior,
1948 1594 1988 1661 et
2022 1578 2132 1660 deni·

856 1728 936 1819 que
971 1711 1016 1791 in
1047 1696 1234 1789 suturam
1261 1701 1392 1788 amnii
1425 1700 1622 1805 excurrit.
1689 1700 1796 1785 Haec
1830 1697 1978 1813 fouea,
2019 1702 2129 1791 sicuti

856 1858 947 1923 area
979 1828 1183 1945 pellucida
1215 1847 1258 1915 et
1290 1830 1479 1917 amnium
1511 1828 1701 1941 spurium
1744 1830 1925 1939 figuram
1979 1838 2130 1923 afferra-

855 1966 951 2051 bant
982 1962 1249 2071 embryonis,
1300 1958 1491 2047 similiter
1525 1956 1623 2047 sttui
1660 1976 1703 2046 et
1744 1950 1905 2069 figurae*
1940 1966 2129 2071 embryo·

730 2158 734 2165 ·
857 2095 954 2198 nia,
1001 2092 1071 2177 vel
1112 2093 1242 2175 amnii
1292 2091 1420 2204 spurii
1466 2090 1724 2197 conformis,
1776 2091 1841 2174 est.
1938 2093 2128 2205 Suteriot

857 2224 973 2308 enim
1004 2238 1047 2305 et
1075 2222 1254 2308 anterior
1286 2224 1426 2308 fouere
1459 2232 1589 2334 pars,
1605 2241 1729 2331 quam
1766 2215 1957 2306 latiorem
1989 2246 2031 2308 et
2064 2245 2131 2309 ro·

858 2332 1133 2439 tundamesie
1164 2352 1287 2457 dixi,
1337 2352 1463 2462 capiti
1496 2349 1705 2459 respondet
1736 2350 2004 2458 embryonia,
2059 2355 2135 2441 rel

857 2481 1030 2590 vaginae
1060 2476 1234 2591 capitis3
1267 2501 1358 2591 pars
1389 2476 1557 2566 interior
1586 2474 1752 2587 angusta
1781 2481 1944 2566 caudam
1982 2484 2132 2589 refert,
2179 2495 2180 2554 i

856 2615 998 2699 eiusne
1030 2604 1333 2718 innotuerunt,
1369 2632 1514 2719 margo
1546 2609 1684 2694 fouere
1715 2605 1901 2718 sinister,
1932 2610 2004 2720 qui
2035 2637 2132 2699 con·
2179 2587 2180 2632 ²

858 2756 991 2829 vexus
1021 2732 1110 2844 est,
1160 2730 1308 2826 fimitis
1339 2731 1393 2826 est
1423 2733 1542 2825 lateri
1576 2731 1710 2823 bullat
1741 2734 1884 2823 dorsali
1915 2758 1958 2823 et
1990 2763 2134 2851 margo

858 2868 1032 2981 denique
1061 2869 1206 2956 dexter
1239 2858 1416 2956 inflexus
1447 2861 1565 2956 lateri
1599 2867 1774 2956 tenttali
1808 2866 2044 2976 embryonie
2092 2886 2133 2957 et

859 2997 988 3086 amnii
1021 2989 1147 3110 spurii
1181 2992 1402 3112 respondet.
1485 2993 1615 3086 Sicuti
1649 3017 1777 3109 porro
1807 2995 1999 3084 amnium
2037 3004 2131 3112 spu·

859 3129 975 3215 rium
1008 3144 1052 3214 et
1081 3123 1166 3242 ipse
1181 3187 1184 3191 «
1201 3125 1310 3213 intus
1348 3122 1521 3236 embryo
1567 3144 1761 3214 curuatus
1809 3129 1897 3233 eii,
1947 3132 2005 3213 ita
2050 3150 2132 3216 tota

858 3259 975 3345 iouea
1009 3276 1184 3370 quoque.
1205 3281 1332 3344 curua
1364 3257 1534 3367 existit,
1566 3279 1610 3346 et
1640 3280 1691 3343 eo
1723 3257 1888 3367 magis,
1927 3283 2011 3370 quo
2042 3285 2129 3346 ma·

779 3385 783 3392 '
858 3383 923 3495 gie
953 3388 1131 3494 embryo
1161 3381 1304 3472 sensim
1335 3405 1570 3495 curuatnr,
1620 3405 1671 3473 vt
1701 3411 1792 3497 pars
1822 3383 1936 3470 iliius
1981 3388 2132 3498 latior,

858 3509 981 3628 capiti
1014 3511 1275 3629 respondens,
1308 3519 1446 3607 versus
1474 3518 1581 3605 latus
1614 3517 1811 3604 dextrum
1841 3521 1909 3600 sen
1941 3522 2133 3627 ventrale,

857 3640 1098 3756 angustior,
1146 3667 1249 3756 quae
1274 3649 1445 3734 caudam
1477 3647 1636 3754 refert,
1683 3644 1870 3734 deorsum
1900 3649 2030 3733 tertio
2072 3652 2132 3736 die

857 3770 1079 3884 respiciat,
1127 3791 1171 3860 et
1201 3776 1245 3862 in
1278 3772 1432 3864 lineam
1464 3768 1621 3864 tetiam
1657 3775 1902 3862 verticalem
1934 3797 2133 3880 excurrat

858 3902 1033 4018 Quando
1063 3908 1190 3992 cauda
1221 3906 1459 4016 embryonis
1490 3907 1656 3992 curuati
1691 3905 1869 4020 incipit,
1913 3923 2002 3992 turn
2035 3937 2139 4023 quo-

857 4055 939 4145 que
970 4033 1137 4121 inferior
1170 4038 1308 4123 foueat
1339 4055 1487 4122 vertex
1506 4056 1728 4127 eutuatur.
1831 4035 1930 4121 Imo
1961 4037 2029 4121 dic
2074 4039 2136 4132 ‚se-

855 4162 1023 4267 tundo,
1073 4163 1175 4250 dum
1206 4165 1342 4254 solum
1370 4187 1495 4276 caput
1526 4166 1762 4276 embryonie
1794 4163 2027 4250 antrorsum
2064 4173 2139 4257 dr·

857 4291 1101 4404 primitur,
1147 4291 1332 4409 reliquus
1375 4297 1551 4406 embryo
1583 4296 1675 4383 ideo
1708 4293 1953 4384 nontedns
1985 4317 2138 4385 exten·

856 4421 920 4506 sus
952 4419 1029 4531 est,
1057 4420 1120 4509 sed
1152 4425 1197 4508 in
1227 4427 1406 4514 sormam
1439 4430 1520 4513 sete
1555 4425 1714 4513 litterae
1747 4420 1777 4514 S
1811 4427 2043 4510 inuersaefl

856 4551 1028 4666 existit,
1074 4570 1196 4673 atque
1217 4613 1223 4622 ·
1246 4571 1339 4642 tum
1374 4559 1494 4645 fenea
1525 4579 1689 4672 quoque
1721 4553 1926 4641 eiusmodi
1959 4554 2097 4664 figura

1914 4769 1920 4777 .
1998 4711 2121 4810 expn
