4600 5875
686 657 895 818 ,ιι
1197 639 1363 771 ιιιι)
1398 683 1426 747 ο
1462 641 1635 775 ιῖιιιιι

657 891 667 931 ’·
778 877 997 998 elucescat,
1041 883 1253 1001 'fimuiqu'e
1281 887 1402 978 uideo
1450 888 1692 1003 exemplum
1712 883 1848 969 exstet
1876 877 2054 970 alicuiu'a

778 1019 904 1138 partie
923 1053 950 1130 ,-
971 1019 1180 1105 manifesto
1214 1023 1409 1106 formatae
1429 1067 1459 1122 ‚·
1495 1041 1578 1140 quo
1611 1022 1677 1102 sua
1710 1017 1759 1102 de
1791 1014 2048 1122 generatione

750 1141 938 1240 't'lieoria
973 1147 1450 1255 magis²corr0boretur3
1481 1164 1524 1230 et
1556 1141 1863 1262 amplificetur,
1889 1145 2052 1264 deinde

782 1305 833 1369 ut
865 1280 999 1369 uariae
1032 1279 1195 1361 innuis
1223 1277 1425 1366 incubatis
1464 1297 1628 1386 partes,
1676 1297 1778 1386 quae
1824 1291 1897 1358 aut
1943 1299 2053 1359 non·

748 1397 1174 1516 'dnm'obseruatae,
1222 1430 1292 1493 aut
1326 1428 1462 1494 tamen
1504 1433 1585 1492 non
1635 1405 1756 1510 satis,
1801 1402 1898 1513 quid
1950 1425 2052 1489 uere

748 1523 891 1646 'fiiit·,
924 1559 966 1622 et
992 1537 1161 1622 cuinam
1194 1539 1285 1622 uiui
1319 1535 1557 1640 inseruiant3
1590 1536 1772 1643 cognitae
1804 1535 1895 1616 sunt
1927 1547 2052 1642 atque

780 1668 1040 1780 perspectae,
1071 1664 1331 1752 innotescant.
1397 1665 1465 1752 Ad
1502 1665 1588 1751 illas
1626 1661 1840 1775 praecipue
1873 1645 2080 1768 ungula-f
2147 1733 2158 1748 ,

778 1821 825 1880 re
858 1793 1092 1900 embryonis
1125 1794 1389 1879 inuolucrum
1424 1797 1623 1904 pertinet,
1653 1791 1794 1903 quod,
1826 1791 1929 1876 dum
1960 1811 2054 1878 ma

780 1949 905 2051 gnam
938 1946 1061 2009 cum
1077 1928 1220 2008 amulo
1273 1921 1588 2009 fimilitudinem
1635 1919 1788 2024 habet,
1837 1919 2054 2029 eidemque

779 2055 965 2202 exterius
1014 2051 1365 2200 circumducitur,
1417 2051 1620 2202 amnium·
1643 2051 1843 2158 spurium
1894 2045 2055 2144 Auctor

780 2311 881 2398 liare
918 2242 1184 2395 interstitium
1234 2305 1342 2394 inter
1394 2329 1608 2418 utramque
1654 2326 1767 2392 areae
1831 2225 2055 2398 uasculoi'ae

780 2440 1097 2544 membranam,
1146 2438 1191 2520 in
1223 2461 1323 2550 quo·
1340 2441 1514 2545 embr'yo
1545 2439 1812 2541 continetur,
1855 2455 1897 2520 et
1941 2441 2053 2547 quod

740 2569 743 2575 ’
782 2570 924 2682 primo
956 2584 1145 2679 tempore
1177 2569 1348 2678 micum
1383 2553 1473 2654 eius'
1503 2563 1779 2652 habitaculum
1807 2563 1873 2648 est.
1969 2561 2054 2650 Die

777 2695 1048 2784 'incubationia
1086 2696 1266 2782 secundo
1286 2705 1293 2720 ·
1314 2694 1437 2783 finito
1488 2696 1596 2782 intra
1639 2693 1723 2780 hoc
1784 2692 2051 2778 interstitium

782 2823 973 2910 amnium
1004 2827 1190 2945 spurium
1224 2818 1393 2910 formari
1446 2809 1626 2939 incipit,
1661 2841 1713 2908 et
1759 2823 1921 2935 quando
1969 2819 2052 2911 hoc

784 2979 944 3039 nouum
973 2954 1209 3061 embryonis
1242 2952 1518 3041 habitaculum
1551 2950 1773 3067 periodum
1804 2952 1893 3059 est,
1934 2976 2054 3039 areo·

775 3081 822 3168 la
856 3080 1054 3195 pellucido
1082 3080 1295 3167 euanescit.
1392 3080 1532 3169 Simili
1563 3080 1688 3165 modo
1717 3085 1823 3166 intra
1860 3080 2068 3197 amnium¹
2177 3177 2181 3189 ,

779 3210 971 3321 spurium
1004 3210 1196 3292 amnium
1227 3230 1378 3293 verum
1412 3214 1580 3319 oritur,
1612 3232 1696 3323 quo
1729 3204 1845 3321 plane
1877 3209 2055 3320 perfeeto

781 3356 824 3425 et
852 3331 1130 3444 confirmato,
1162 3336 1299 3449 ipsum
1331 3361 1491 3451 quoque
1518 3338 1704 3425 amnium
1735 3334 1924 3447 spurium
1956 3340 2055 3425 adeo

781 3464 1035 3570 resoluitur,
1066 3483 1115 3549 ut
1146 3464 1312 3551 nullum
1345 3469 1433 3553 eius
1466 3466 1682 3578 vestigium
1703 3484 1925 3575 remaneat,
1941 3466 2052 3580 quod

784 3593 873 3707 poll
902 3594 1022 3681 diem.
1043 3586 1215 3695 sextum,
1241 3592 1506 3681 incubationis
1539 3598 1629 3682 fieri
1662 3593 1774 3680 solet.

930 3718 1040 3809 Cum
1071 3723 1154 3833 ipsa
1189 3720 1285 3807 haec
1334 3724 1574 3831 embryonis
1620 3722 1867 3829 inuolucra,
1916 3726 2052 3837 inpri-

782 3850 866 3935 mis
913 3851 1101 3937 amnium
1149 3852 1337 3999 spurium
1388 3854 1553 3969 eiusque
1585 3846 1629 3938 in
1661 3854 1787 3964 specie
1818 3869 1950 3963 partes
1982 3856 2050 3939 in·

770 3966 987 4087 'teriores,
1035 3998 1136 4092 quae
1168 3979 1274 4064 intra
1304 3980 1573 4089 embryonem
1611 3985 1930 4087 continuantur,
1962 3982 2048 4070 for-

782 4107 945 4190 mandis
973 4043 1173 4195 intestinis
1203 4109 1335 4195 ansam
1370 4112 1608 4219 praebeant3
1649 4107 2048 4223 horumque·'1gitur

763 4233 932 4319 'modus
961 4237 1217 4324 formationis
1246 4236 1353 4321 hand
1384 4237 1561 4349 intelligi
1608 4258 1760 4351 queat,
1809 4239 1884 4329 nili
1929 4242 2048 4352 prius

764 4376 928 4450 ‘natura
958 4386 1000 4453 et
1029 4366 1172 4455 fabrica
1211 4363 1525 4456 inuolucrorum
1577 4366 1776 4481 perspecta
1826 4367 2049 4477 habeam,

762 4488 1020 4647 ‘idcirco
961 4494 1109 4588 necelle
1133 4490 1250 4609 ruit,
1301 4514 1350 4588 ιι
1395 4495 1612 4617 descriptio
1653 4496 1809 4589 ιιιιιιιιι
1859 4500 2048 4615 partium

2006 4643 2052 4713 et
