4600 5875
494 629 685 744 SOLIS
729 637 934 749 CIRCA
978 640 1188 754 ᾼΧΕΜ.
1385 669 1475 767 279

210 865 348 978 prodit
399 868 644 975 negatiuus,
696 867 881 984 fietque,
930 866 1096 966 calculo·
1120 892 1303 964 ceterum
1335 876 1482 967 eodem

212 1011 433 1101 manente,
465 996 639 1108 angulus

591 1148 956 1253 ZSEzu4-u.

361 1313 549 1404 HVIC
536 1321 668 1425 agitur
700 1319 855 1426 angulo
887 1315 1053 1406 ZSE
1042 1349 1085 1408 m
1120 1319 1255 1428 figura
1287 1323 1385 1409 disci
1417 1324 1479 1407 in·
1508 1343 1580 1434 Fig.
1613 1366 1645 1413 1

209 1440 305 1537 laris
338 1448 545 1540 obseruata
577 1448 861 1542 constituatur
877 1450 1052 1559 aequalis
1105 1449 1280 1558 angulus
1331 1446 1480 1559 ACE‚

208 1603 333 1690 quem
381 1580 578 1664 diameter
624 1577 828 1665 verticalis
875 1580 961 1668 AB
1012 1581 1054 1664 in
1097 1598 1238 1666 centro
1271 1579 1306 1666 C
1336 1598 1480 1673 ortum

209 1710 350 1794 tersus
372 1727 480 1792 ‘curn
513 1706 697 1817 ecliptica
742 1705 864 1794 ECF
911 1708 1268 1820 comprehendit?
1343 1715 1480 1821 Atque

205 1835 307 1926 hinc
339 1833 426 1926 iam
459 1836 676 1929 innotescet
711 1840 885 1944 angulus
914 1839 1092 1945 Eunt,
1125 1863 1211 1950 quo
1243 1837 1350 1923 tedia
1382 1837 1478 1929 CM

204 1991 260 2050 ex
290 1985 451 2071 centro
497 1965 602 2059 disci.
641 1968 695 2051 nd
747 1963 953 2066 maculam
1003 1969 1123 2054 dueta
1166 1966 1214 2051 ad
1247 1968 1476 2076 eclipticam

206 2095 290 2182 EF
324 2093 684 2208 inclinatamque
715 2095 885 2180 inuento
917 2100 960 2181 iu
991 2096 1126 2204 figura
1160 2095 1355 2179 diameter
1382 2125 1478 2184 ver·

205 2222 336 2312 titalia
369 2223 452 2310 ΑΒ
483 2223 660 2310 omnino
691 2223 905 2331 deleatur,
951 2249 1051 2310 rum
1083 2252 1134 2313 eo
1167 2221 1346 2336 amplius
1397 2253 1479 2314 non

204 2341 258 2440 fit
305 2375 442 2464 opus3
493 2353 677 2438 distantia
722 2374 865 2440 autem
918 2352 1100 2440 maculae
1151 2373 1351 2438 accurro
1381 2357 1478 2443 disci

201 2481 302 2572 CM
334 2481 588 2586 retineatur,
620 2499 670 2568 rt
698 2501 792 2566 ante
821 2481 899 2566 fuit
931 2484 1131 2585 iuuenta,
1161 2481 1217 2563 ita
1252 2500 1301 2565 vt
1330 2491 1475 2593 cogui-

202 2634 245 2697 ta
280 2611 332 2695 fit
360 2612 466 2693 ratio
495 2609 620 2694 huius
650 2611 857 2698 distantiae
885 2606 983 2700 CM
1007 2615 1061 2699 ad
1103 2609 1355 2694 diametrum
1406 2613 1474 2700 vel

199 2742 560 2840 semidiametrum
588 2737 700 2846 disci.
1592 2723 1598 2730 ’

358 2926 531 3019 NVNC
560 2929 694 3039 igitur
726 2925 1048 3019 obseruationem
1079 2930 1474 3039 entedtrximus,ut

199 3078 367 3176 praeter
393 3060 625 3147 distantiam
661 3060 841 3143 maculae
870 3086 896 3142 a
926 3083 1070 3145 centro
1109 3064 1205 3145 disci
1254 3062 1302 3144 ad
1337 3066 1489 3147 lemn.

199 3194 449 3301 diametrum
500 3188 670 3274 relatam
715 3183 895 3293 angulus
944 3213 1107 3300 quoqne
1157 3190 1204 3274 ad
1243 3188 1474 3303 eclipticam

201 3318 289 3409 EC
298 3320 348 3406 M
380 3324 545 3433 pateat·

352 3509 603 3600 Huiusmodi
634 3532 775 3598 autem
806 3506 1044 3601 redudiioa
1087 3512 1290 3599 diametro
1341 3520 1470 3601 vetti-

202 3641 283 3727 cali
314 3646 363 3730 ad
394 3642 732 3753 ecliptimm‘pro
760 3639 931 3750 finguiis
970 3639 1314 3728 obseruationibus
1367 3646 1472 3729 circa

204 3772 384 3857 maculas
411 3773 527 3889 'indiis
560 3772 819 3876 inilituatrtrp
870 3774 975 3857 inter
1008 3797 1107 3859 uuas
1147 3773 1355 3879 imprimis
1404 3799 1472 3860 eae

202 3907 434 4013 notentur,
482 3927 586 4013 quae
619 3903 666 3985 ad
698 3905 864 3986 eandem
903 3902 1103 3986 maculam
1141 3906 1374 4013 pertinent,
1427 3923 1473 3985 vt

173 4057 253 4121 ,ex
303 4030 523 4117 collatione
575 4028 761 4142 plurium
810 4032 1046 4121 huiusmodi
1077 4033 1469 4116 determinationum

201 4164 385 4249 eiusdem
421 4158 601 4245 maculae
632 4180 771 4245 motus
802 4161 891 4243 eius
922 4185 1043 4245 verus
1072 4159 1254 4249 concludi
1288 4181 1419 4271 queat.

336 4365 470 4453 -lnnt
519 4363 706 4477 primam
759 4358 863 4449 hanc
895 4365 1175 4473 operationem
1211 4365 1320 4475 sequi
1355 4362 1469 4461 debet
1519 4340 1525 4345 ’

203 4496 403 4602 secunda,
449 4522 528 4608 qua
574 4514 628 4615 ex
677 4489 769 4579 loto
821 4491 1002 4578 maculae
1031 4496 1074 4588 in
1105 4493 1211 4579 disco
1242 4492 1467 4601 affignam,

1383 4644 1467 4703 eius
