<?xml version="1.0" encoding="UTF-8"?>
<!DOCTYPE html PUBLIC "-//W3C//DTD XHTML 1.0 Transitional//EN"
    "http://www.w3.org/TR/xhtml1/DTD/xhtml1-transitional.dtd">
<html xmlns="http://www.w3.org/1999/xhtml" xml:lang="en" lang="en">
 <head>
  <title>
</title>
<meta http-equiv="Content-Type" content="text/html;charset=utf-8" />
  <meta name='ocr-system' content='tesseract 3.04.00' />
  <meta name='ocr-capabilities' content='ocr_page ocr_carea ocr_par ocr_line ocrx_word'/>
</head>
<body>
  <div class='ocr_page' id='page_1' title='image "./novicommentarii00sssrgoog/novicommentarii00sssrgoog_0352.png"; bbox 0 0 4600 5875; ppageno 0'>
   <div class='ocr_carea' id='block_1_1' title="bbox 472 673 1484 787">
    <p class='ocr_par' dir='ltr' id='par_1_1' title="bbox 472 673 1484 787">
     <span class='ocr_line' id='line_1_1' title="bbox 472 673 1484 787; baseline -0.001 -18"><span class='ocrx_word' id='word_1_1' title='bbox 472 673 718 769; x_wconf 68' lang='lat' dir='ltr'>canonis</span> <span class='ocrx_word' id='word_1_2' title='bbox 778 673 1228 772; x_wconf 78' lang='lat' dir='ltr'>coMMvnllcnrl.</span> <span class='ocrx_word' id='word_1_3' title='bbox 1378 695 1484 787; x_wconf 42' lang='lat' dir='ltr'>waod</span> 
     </span>
    </p>
   </div>
   <div class='ocr_carea' id='block_1_2' title="bbox 139 903 1526 1670">
    <p class='ocr_par' dir='ltr' id='par_1_2' title="bbox 157 903 1519 1410">
     <span class='ocr_line' id='line_1_2' title="bbox 157 903 1483 1022; baseline 0.002 -29"><span class='ocrx_word' id='word_1_4' title='bbox 157 911 164 920; x_wconf 81' lang='grc'><em>’</em></span> <span class='ocrx_word' id='word_1_5' title='bbox 207 919 387 1016; x_wconf 63' lang='lat' dir='ltr'>naam,</span> <span class='ocrx_word' id='word_1_6' title='bbox 441 906 531 997; x_wconf 82' lang='lat' dir='ltr'>line</span> <span class='ocrx_word' id='word_1_7' title='bbox 556 903 730 1018; x_wconf 83' lang='lat' dir='ltr'>gradum</span> <span class='ocrx_word' id='word_1_8' title='bbox 768 930 874 1006; x_wconf 83' lang='lat'>150.</span> <span class='ocrx_word' id='word_1_9' title='bbox 905 909 1025 1021; x_wconf 82' lang='lat' dir='ltr'>supra</span> <span class='ocrx_word' id='word_1_10' title='bbox 1061 911 1264 1022; x_wconf 77' lang='lat' dir='ltr'>pune&#39;tum</span> <span class='ocrx_word' id='word_1_11' title='bbox 1295 911 1483 1022; x_wconf 85' lang='lat' dir='ltr'>congela-</span> 
     </span>
     <span class='ocr_line' id='line_1_3' title="bbox 210 1036 1483 1151; baseline 0.005 -32"><span class='ocrx_word' id='word_1_12' title='bbox 210 1036 350 1138; x_wconf 71' lang='lat' dir='ltr'>tionit.</span> <span class='ocrx_word' id='word_1_13' title='bbox 408 1041 472 1124; x_wconf 82' lang='lat' dir='ltr'>At</span> <span class='ocrx_word' id='word_1_14' title='bbox 500 1044 612 1126; x_wconf 88' lang='lat' dir='ltr'>enim</span> <span class='ocrx_word' id='word_1_15' title='bbox 645 1064 747 1126; x_wconf 80' lang='lat' dir='ltr'>vero</span> <span class='ocrx_word' id='word_1_16' title='bbox 773 1036 888 1122; x_wconf 74' lang='lat' dir='ltr'>calon</span> <span class='ocrx_word' id='word_1_17' title='bbox 915 1067 1036 1151; x_wconf 84' lang='lat' dir='ltr'>aquae</span> <span class='ocrx_word' id='word_1_18' title='bbox 1073 1041 1244 1124; x_wconf 82' lang='lat' dir='ltr'>minoris</span> <span class='ocrx_word' id='word_1_19' title='bbox 1277 1039 1381 1134; x_wconf 75' lang='lat' dir='ltr'>vaste</span> <span class='ocrx_word' id='word_1_20' title='bbox 1409 1065 1483 1126; x_wconf 61' lang='lat' dir='ltr'>eo*</span> 
     </span>
     <span class='ocr_line' id='line_1_4' title="bbox 208 1164 1519 1286; baseline -0.001 -32"><span class='ocrx_word' id='word_1_21' title='bbox 208 1164 305 1254; x_wconf 83' lang='lat' dir='ltr'>tle-m</span> <span class='ocrx_word' id='word_1_22' title='bbox 339 1175 538 1280; x_wconf 82' lang='lat' dir='ltr'>modoet</span> <span class='ocrx_word' id='word_1_23' title='bbox 566 1171 709 1286; x_wconf 85' lang='lat' dir='ltr'>eodem</span> <span class='ocrx_word' id='word_1_24' title='bbox 739 1165 1038 1262; x_wconf 86' lang='lat' dir='ltr'>thermometro</span> <span class='ocrx_word' id='word_1_25' title='bbox 1067 1167 1302 1279; x_wconf 82' lang='lat' dir='ltr'>exploratus</span> <span class='ocrx_word' id='word_1_26' title='bbox 1329 1196 1480 1255; x_wconf 91' lang='lat' dir='ltr'>nonem</span> <span class='ocrx_word' id='word_1_27' title='bbox 1495 1219 1519 1268; x_wconf 91' lang='lat'>·.</span> 
     </span>
     <span class='ocr_line' id='line_1_5' title="bbox 207 1295 1498 1410; baseline 0.009 -32"><span class='ocrx_word' id='word_1_28' title='bbox 207 1295 402 1400; x_wconf 78' lang='lat' dir='ltr'>gradibus</span> <span class='ocrx_word' id='word_1_29' title='bbox 447 1299 586 1385; x_wconf 88' lang='lat' dir='ltr'>minor</span> <span class='ocrx_word' id='word_1_30' title='bbox 631 1295 1036 1410; x_wconf 77' lang='lat' dir='ltr'>deprehendebatur,</span> <span class='ocrx_word' id='word_1_31' title='bbox 1097 1321 1201 1408; x_wconf 82' lang='lat' dir='ltr'>qnae</span> <span class='ocrx_word' id='word_1_32' title='bbox 1258 1299 1498 1390; x_wconf 76' lang='lat' dir='ltr'>differentia·</span> 
     </span>
    </p>

    <p class='ocr_par' dir='ltr' id='par_1_3' title="bbox 139 1424 1526 1670">
     <span class='ocr_line' id='line_1_6' title="bbox 207 1424 1526 1572; baseline 0.001 -63"><span class='ocrx_word' id='word_1_33' title='bbox 207 1424 385 1525; x_wconf 80' lang='lat' dir='ltr'>constans</span> <span class='ocrx_word' id='word_1_34' title='bbox 419 1428 638 1532; x_wconf 81' lang='lat' dir='ltr'>manebat,</span> <span class='ocrx_word' id='word_1_35' title='bbox 685 1447 736 1513; x_wconf 86' lang='lat' dir='ltr'>ut</span> <span class='ocrx_word' id='word_1_36' title='bbox 764 1445 895 1536; x_wconf 88' lang='lat' dir='ltr'>neque</span> <span class='ocrx_word' id='word_1_37' title='bbox 926 1429 1043 1511; x_wconf 77' lang='lat' dir='ltr'>andiu</span> <span class='ocrx_word' id='word_1_38' title='bbox 1075 1431 1203 1572; x_wconf 76' lang='lat' dir='ltr'>neque</span> <span class='ocrx_word' id='word_1_39' title='bbox 1245 1429 1489 1536; x_wconf 69' lang='grc' dir='ltr'>(1ἰιιιῑιιιιιιι,ι</span> <span class='ocrx_word' id='word_1_40' title='bbox 1523 1425 1526 1430; x_wconf 75' lang='grc'><strong>’</strong></span> 
     </span>
     <span class='ocr_line' id='line_1_7' title="bbox 139 1552 1477 1670; baseline 0.004 -33"><span class='ocrx_word' id='word_1_41' title='bbox 139 1587 145 1597; x_wconf 95' lang='grc'>·</span> <span class='ocrx_word' id='word_1_42' title='bbox 206 1552 382 1640; x_wconf 80' lang='lat' dir='ltr'>durante</span> <span class='ocrx_word' id='word_1_43' title='bbox 408 1555 647 1643; x_wconf 78' lang='lat' dir='ltr'>ebullitione</span> <span class='ocrx_word' id='word_1_44' title='bbox 677 1583 803 1670; x_wconf 84' lang='lat' dir='ltr'>aquae</span> <span class='ocrx_word' id='word_1_45' title='bbox 835 1561 879 1655; x_wconf 89' lang='lat' dir='ltr'>in</span> <span class='ocrx_word' id='word_1_46' title='bbox 911 1559 1002 1641; x_wconf 81' lang='lat' dir='ltr'>uase</span> <span class='ocrx_word' id='word_1_47' title='bbox 1021 1557 1195 1664; x_wconf 84' lang='lat' dir='ltr'>maiori,</span> <span class='ocrx_word' id='word_1_48' title='bbox 1228 1559 1477 1643; x_wconf 81' lang='lat' dir='ltr'>videretur.-</span> 
     </span>
    </p>
   </div>
   <div class='ocr_carea' id='block_1_3' title="bbox 195 1735 1537 3567">
    <p class='ocr_par' dir='ltr' id='par_1_4' title="bbox 195 1735 1537 3543">
     <span class='ocr_line' id='line_1_8' title="bbox 360 1735 1487 1866; baseline -0.002 -32.208"><span class='ocrx_word' id='word_1_49' title='bbox 360 1743 525 1866; x_wconf 86' lang='lat' dir='ltr'>Repetii</span> <span class='ocrx_word' id='word_1_50' title='bbox 576 1746 653 1834; x_wconf 91' lang='lat' dir='ltr'>hoc</span> <span class='ocrx_word' id='word_1_51' title='bbox 702 1750 1036 1862; x_wconf 82' lang='lat' dir='ltr'>experimentum</span> <span class='ocrx_word' id='word_1_52' title='bbox 1086 1749 1238 1861; x_wconf 86' lang='lat' dir='ltr'>saepius</span> <span class='ocrx_word' id='word_1_53' title='bbox 1305 1735 1347 1832; x_wconf 90' lang='lat' dir='ltr'>et</span> <span class='ocrx_word' id='word_1_54' title='bbox 1418 1745 1487 1832; x_wconf 89' lang='lat' dir='ltr'>sub</span> 
     </span>
     <span class='ocr_line' id='line_1_9' title="bbox 206 1853 1537 2023; baseline 0.002 -64"><span class='ocrx_word' id='word_1_55' title='bbox 206 1877 378 1963; x_wconf 79' lang='lat' dir='ltr'>variatis</span> <span class='ocrx_word' id='word_1_56' title='bbox 408 1877 751 1985; x_wconf 79' lang='lat' dir='ltr'>circumstantiis,</span> <span class='ocrx_word' id='word_1_57' title='bbox 801 1897 842 1962; x_wconf 90' lang='lat' dir='ltr'>et</span> <span class='ocrx_word' id='word_1_58' title='bbox 874 1901 1072 1965; x_wconf 89' lang='lat' dir='ltr'>euentum</span> <span class='ocrx_word' id='word_1_59' title='bbox 1107 1877 1264 2023; x_wconf 89' lang='lat' dir='ltr'>semper</span> <span class='ocrx_word' id='word_1_60' title='bbox 1309 1853 1484 1965; x_wconf 81' lang='lat' dir='ltr'>eundem</span> <span class='ocrx_word' id='word_1_61' title='bbox 1532 1896 1537 1907; x_wconf 88' lang='grc'>·</span> 
     </span>
     <span class='ocr_line' id='line_1_10' title="bbox 202 1995 1486 2118; baseline -0.003 -26"><span class='ocrx_word' id='word_1_62' title='bbox 202 1995 429 2098; x_wconf 82' lang='lat' dir='ltr'>obseruari</span> <span class='ocrx_word' id='word_1_63' title='bbox 494 2005 654 2100; x_wconf 76' lang='lat' dir='ltr'>Scilicet</span> <span class='ocrx_word' id='word_1_64' title='bbox 684 1999 775 2118; x_wconf 87' lang='lat' dir='ltr'>cepi</span> <span class='ocrx_word' id='word_1_65' title='bbox 808 2012 898 2102; x_wconf 84' lang='lat' dir='ltr'>nala</span> <span class='ocrx_word' id='word_1_66' title='bbox 932 2009 1036 2092; x_wconf 79' lang='lat' dir='ltr'>varii</span> <span class='ocrx_word' id='word_1_67' title='bbox 1071 2007 1288 2112; x_wconf 86' lang='lat' dir='ltr'>generis,</span> <span class='ocrx_word' id='word_1_68' title='bbox 1305 2005 1486 2092; x_wconf 85' lang='lat' dir='ltr'>metalli-</span> 
     </span>
     <span class='ocr_line' id='line_1_11' title="bbox 204 2133 1487 2252; baseline 0.001 -32"><span class='ocrx_word' id='word_1_69' title='bbox 204 2160 292 2240; x_wconf 81' lang='lat' dir='ltr'>ca,</span> <span class='ocrx_word' id='word_1_70' title='bbox 302 2138 480 2248; x_wconf 74' lang='lat' dir='ltr'>vitrea,</span> <span class='ocrx_word' id='word_1_71' title='bbox 509 2137 667 2252; x_wconf 73' lang='lat' dir='ltr'>lapidea</span> <span class='ocrx_word' id='word_1_72' title='bbox 685 2157 761 2222; x_wconf 90' lang='lat' dir='ltr'>etc.</span> <span class='ocrx_word' id='word_1_73' title='bbox 793 2138 856 2221; x_wconf 91' lang='lat' dir='ltr'>sed</span> <span class='ocrx_word' id='word_1_74' title='bbox 890 2133 1113 2220; x_wconf 88' lang='lat' dir='ltr'>differentia</span> <span class='ocrx_word' id='word_1_75' title='bbox 1148 2139 1337 2221; x_wconf 85' lang='lat' dir='ltr'>vasorum</span> <span class='ocrx_word' id='word_1_76' title='bbox 1371 2136 1487 2221; x_wconf 81' lang='lat' dir='ltr'>dine</span> 
     </span>
     <span class='ocr_line' id='line_1_12' title="bbox 202 2251 1483 2388; baseline 0.002 -42"><span class='ocrx_word' id='word_1_77' title='bbox 202 2251 386 2350; x_wconf 78' lang='lat' dir='ltr'>rentiam</span> <span class='ocrx_word' id='word_1_78' title='bbox 418 2267 462 2357; x_wconf 89' lang='lat' dir='ltr'>in</span> <span class='ocrx_word' id='word_1_79' title='bbox 497 2265 641 2360; x_wconf 64' lang='lat' dir='ltr'>effeciu</span> <span class='ocrx_word' id='word_1_80' title='bbox 674 2264 832 2352; x_wconf 89' lang='lat' dir='ltr'>nullam</span> <span class='ocrx_word' id='word_1_81' title='bbox 867 2267 1095 2388; x_wconf 73' lang='lat' dir='ltr'>produxit,</span> <span class='ocrx_word' id='word_1_82' title='bbox 1144 2289 1245 2374; x_wconf 84' lang='lat' dir='ltr'>aqua</span> <span class='ocrx_word' id='word_1_83' title='bbox 1279 2265 1483 2370; x_wconf 86' lang='lat' dir='ltr'>nimirum</span> 
     </span>
     <span class='ocr_line' id='line_1_13' title="bbox 204 2383 1486 2510; baseline 0 -32"><span class='ocrx_word' id='word_1_84' title='bbox 204 2383 276 2478; x_wconf 78' lang='lat' dir='ltr'>ib</span> <span class='ocrx_word' id='word_1_85' title='bbox 287 2390 407 2480; x_wconf 89' lang='lat' dir='ltr'>nullo</span> <span class='ocrx_word' id='word_1_86' title='bbox 437 2395 527 2480; x_wconf 86' lang='lat' dir='ltr'>vase</span> <span class='ocrx_word' id='word_1_87' title='bbox 559 2398 752 2510; x_wconf 80' lang='lat' dir='ltr'>minore,</span> <span class='ocrx_word' id='word_1_88' title='bbox 784 2395 826 2475; x_wconf 90' lang='lat' dir='ltr'>in</span> <span class='ocrx_word' id='word_1_89' title='bbox 861 2393 1129 2502; x_wconf 75' lang='lat' dir='ltr'>mediaeque</span> <span class='ocrx_word' id='word_1_90' title='bbox 1162 2391 1378 2478; x_wconf 88' lang='lat' dir='ltr'>ebulliente</span> <span class='ocrx_word' id='word_1_91' title='bbox 1413 2417 1486 2478; x_wconf 82' lang='lat' dir='ltr'>va</span> 
     </span>
     <span class='ocr_line' id='line_1_14' title="bbox 204 2491 1486 2641; baseline -0.002 -34"><span class='ocrx_word' id='word_1_92' title='bbox 204 2491 263 2639; x_wconf 70' lang='lat' dir='ltr'>lie</span> <span class='ocrx_word' id='word_1_93' title='bbox 293 2522 460 2635; x_wconf 84' lang='lat' dir='ltr'>maioris</span> <span class='ocrx_word' id='word_1_94' title='bbox 491 2523 653 2641; x_wconf 80' lang='lat' dir='ltr'>polita,</span> <span class='ocrx_word' id='word_1_95' title='bbox 701 2523 749 2607; x_wconf 86' lang='lat' dir='ltr'>ad</span> <span class='ocrx_word' id='word_1_96' title='bbox 777 2518 1061 2606; x_wconf 87' lang='lat' dir='ltr'>ebullitionem</span> <span class='ocrx_word' id='word_1_97' title='bbox 1094 2521 1186 2625; x_wconf 86' lang='lat' dir='ltr'>cogi</span> <span class='ocrx_word' id='word_1_98' title='bbox 1223 2525 1395 2632; x_wconf 87' lang='lat' dir='ltr'>potuit,</span> <span class='ocrx_word' id='word_1_99' title='bbox 1443 2536 1486 2604; x_wconf 89' lang='lat' dir='ltr'>et</span> 
     </span>
     <span class='ocr_line' id='line_1_15' title="bbox 200 2627 1513 2795; baseline -0.002 -59"><span class='ocrx_word' id='word_1_100' title='bbox 200 2627 435 2749; x_wconf 78' lang='lat' dir='ltr'>differentia</span> <span class='ocrx_word' id='word_1_101' title='bbox 468 2661 682 2766; x_wconf 84' lang='lat' dir='ltr'>utriusque</span> <span class='ocrx_word' id='word_1_102' title='bbox 713 2675 838 2795; x_wconf 83' lang='lat' dir='ltr'>aquae</span> <span class='ocrx_word' id='word_1_103' title='bbox 869 2653 1046 2734; x_wconf 84' lang='lat' dir='ltr'>constans</span> <span class='ocrx_word' id='word_1_104' title='bbox 1079 2645 1159 2730; x_wconf 86' lang='lat' dir='ltr'>fuit</span> <span class='ocrx_word' id='word_1_105' title='bbox 1192 2655 1248 2764; x_wconf 94' lang='grc'>90.</span> <span class='ocrx_word' id='word_1_106' title='bbox 1343 2649 1489 2772; x_wconf 75' lang='grc' dir='ltr'><strong>Ειιριι·</strong></span> <span class='ocrx_word' id='word_1_107' title='bbox 1510 2759 1513 2764; x_wconf 19' lang='lat'><strong>⁴</strong></span> 
     </span>
     <span class='ocr_line' id='line_1_16' title="bbox 196 2775 1489 2886; baseline -0.002 -18"><span class='ocrx_word' id='word_1_108' title='bbox 196 2781 386 2868; x_wconf 83' lang='lat' dir='ltr'>rimenta</span> <span class='ocrx_word' id='word_1_109' title='bbox 436 2775 546 2864; x_wconf 87' lang='lat' dir='ltr'>haec</span> <span class='ocrx_word' id='word_1_110' title='bbox 582 2781 723 2872; x_wconf 82' lang='lat' dir='ltr'>omnia</span> <span class='ocrx_word' id='word_1_111' title='bbox 768 2779 811 2858; x_wconf 94' lang='lat' dir='ltr'>in</span> <span class='ocrx_word' id='word_1_112' title='bbox 853 2781 951 2880; x_wconf 85' lang='lat' dir='ltr'>a&#39;ere</span> <span class='ocrx_word' id='word_1_113' title='bbox 977 2793 1160 2886; x_wconf 84' lang='lat' dir='ltr'>aperto,</span> <span class='ocrx_word' id='word_1_114' title='bbox 1208 2777 1252 2862; x_wconf 93' lang='lat' dir='ltr'>in</span> <span class='ocrx_word' id='word_1_115' title='bbox 1284 2783 1374 2862; x_wconf 83' lang='lat' dir='ltr'>uase</span> <span class='ocrx_word' id='word_1_116' title='bbox 1405 2803 1489 2866; x_wconf 84' lang='lat' dir='ltr'>nou</span> 
     </span>
     <span class='ocr_line' id='line_1_17' title="bbox 195 2891 1492 3019; baseline -0.006 -22"><span class='ocrx_word' id='word_1_117' title='bbox 195 2892 344 2997; x_wconf 74' lang='lat' dir='ltr'>clauso</span> <span class='ocrx_word' id='word_1_118' title='bbox 370 2892 473 2994; x_wconf 78' lang='lat' dir='ltr'>sunt</span> <span class='ocrx_word' id='word_1_119' title='bbox 491 2895 714 3012; x_wconf 83' lang='lat' dir='ltr'>instituta,</span> <span class='ocrx_word' id='word_1_120' title='bbox 762 2891 944 3019; x_wconf 82' lang='lat' dir='ltr'>adeoque</span> <span class='ocrx_word' id='word_1_121' title='bbox 971 2902 1022 2992; x_wconf 72' lang='lat' dir='ltr'>de*</span> <span class='ocrx_word' id='word_1_122' title='bbox 1044 2900 1120 2987; x_wconf 85' lang='lat' dir='ltr'>bis</span> <span class='ocrx_word' id='word_1_123' title='bbox 1154 2920 1312 2999; x_wconf 83' lang='lat' dir='ltr'>tantum</span> <span class='ocrx_word' id='word_1_124' title='bbox 1345 2903 1492 3013; x_wconf 76' lang='lat' dir='ltr'>ualet</span> 
     </span>
     <span class='ocr_line' id='line_1_18' title="bbox 197 3034 1489 3152; baseline -0.001 -32"><span class='ocrx_word' id='word_1_125' title='bbox 197 3038 321 3151; x_wconf 91' lang='lat' dir='ltr'>quod</span> <span class='ocrx_word' id='word_1_126' title='bbox 354 3055 526 3135; x_wconf 76' lang='lat' dir='ltr'>euentus</span> <span class='ocrx_word' id='word_1_127' title='bbox 556 3037 714 3152; x_wconf 88' lang='lat' dir='ltr'>semper</span> <span class='ocrx_word' id='word_1_128' title='bbox 744 3036 870 3121; x_wconf 88' lang='lat' dir='ltr'>suerit</span> <span class='ocrx_word' id='word_1_129' title='bbox 901 3036 1037 3134; x_wconf 89' lang='lat' dir='ltr'>idem,</span> <span class='ocrx_word' id='word_1_130' title='bbox 1070 3034 1143 3144; x_wconf 92' lang='lat' dir='ltr'>qni</span> <span class='ocrx_word' id='word_1_131' title='bbox 1176 3052 1314 3145; x_wconf 76' lang='lat' dir='ltr'>tamen</span> <span class='ocrx_word' id='word_1_132' title='bbox 1348 3036 1489 3121; x_wconf 84' lang='lat' dir='ltr'>diuer-</span> 
     </span>
     <span class='ocr_line' id='line_1_19' title="bbox 196 3157 1488 3311; baseline -0.002 -60"><span class='ocrx_word' id='word_1_133' title='bbox 196 3168 274 3255; x_wconf 87' lang='lat' dir='ltr'>sus</span> <span class='ocrx_word' id='word_1_134' title='bbox 306 3165 388 3253; x_wconf 87' lang='lat' dir='ltr'>luit</span> <span class='ocrx_word' id='word_1_135' title='bbox 419 3157 679 3274; x_wconf 85' lang='lat' dir='ltr'>obseruatus,</span> <span class='ocrx_word' id='word_1_136' title='bbox 728 3160 838 3248; x_wconf 90' lang='lat' dir='ltr'>fiin</span> <span class='ocrx_word' id='word_1_137' title='bbox 870 3159 972 3255; x_wconf 73' lang='lat' dir='ltr'>valis</span> <span class='ocrx_word' id='word_1_138' title='bbox 1012 3159 1156 3246; x_wconf 79' lang='lat' dir='ltr'>clausis</span> <span class='ocrx_word' id='word_1_139' title='bbox 1205 3163 1488 3311; x_wconf 82' lang='lat' dir='ltr'>experimenta</span> 
     </span>
     <span class='ocr_line' id='line_1_20' title="bbox 199 3284 1489 3475; baseline -0.005 -90"><span class='ocrx_word' id='word_1_140' title='bbox 199 3311 488 3408; x_wconf 83' lang='lat' dir='ltr'>caperentur,</span> <span class='ocrx_word' id='word_1_141' title='bbox 533 3298 582 3389; x_wconf 87' lang='lat' dir='ltr'>de</span> <span class='ocrx_word' id='word_1_142' title='bbox 628 3318 711 3411; x_wconf 91' lang='lat' dir='ltr'>quo</span> <span class='ocrx_word' id='word_1_143' title='bbox 751 3284 1136 3417; x_wconf 83' lang='lat' dir='ltr'>experimentorum</span> <span class='ocrx_word' id='word_1_144' title='bbox 1170 3312 1314 3475; x_wconf 81' lang='lat' dir='ltr'>genere</span> <span class='ocrx_word' id='word_1_145' title='bbox 1346 3292 1392 3379; x_wconf 89' lang='lat' dir='ltr'>in</span> <span class='ocrx_word' id='word_1_146' title='bbox 1412 3290 1489 3379; x_wconf 88' lang='lat' dir='ltr'>se·</span> 
     </span>
     <span class='ocr_line' id='line_1_21' title="bbox 199 3417 602 3567; baseline 0.008 -60"><span class='ocrx_word' id='word_1_147' title='bbox 199 3417 428 3567; x_wconf 74' lang='lat' dir='ltr'>quentibps&#39;</span> <span class='ocrx_word' id='word_1_148' title='bbox 452 3426 602 3563; x_wconf 77' lang='lat' dir='ltr'>dicam.</span> 
     </span>
    </p>
   </div>
   <div class='ocr_carea' id='block_1_4' title="bbox 198 3544 1603 4380">
    <p class='ocr_par' dir='ltr' id='par_1_5' title="bbox 198 3544 1603 4371">
     <span class='ocr_line' id='line_1_22' title="bbox 256 3544 1510 3732; baseline 0.001 -30"><span class='ocrx_word' id='word_1_149' title='bbox 256 3600 269 3612; x_wconf 64' lang='grc'><strong>“</strong></span> <span class='ocrx_word' id='word_1_150' title='bbox 355 3618 514 3706; x_wconf 89' lang='lat' dir='ltr'>Vtrum</span> <span class='ocrx_word' id='word_1_151' title='bbox 562 3619 607 3703; x_wconf 88' lang='lat' dir='ltr'>in</span> <span class='ocrx_word' id='word_1_152' title='bbox 653 3615 747 3703; x_wconf 82' lang='lat' dir='ltr'>aliit</span> <span class='ocrx_word' id='word_1_153' title='bbox 789 3639 1003 3732; x_wconf 84' lang='lat' dir='ltr'>quoque</span> <span class='ocrx_word' id='word_1_154' title='bbox 993 3614 1239 3705; x_wconf 83' lang='lat' dir='ltr'>fluidorum</span> <span class='ocrx_word' id='word_1_155' title='bbox 1275 3544 1510 3727; x_wconf 75' lang='lat' dir='ltr'>generibus·</span> 
     </span>
     <span class='ocr_line' id='line_1_23' title="bbox 199 3740 1603 3859; baseline 0.001 -27"><span class='ocrx_word' id='word_1_156' title='bbox 199 3744 327 3833; x_wconf 76' lang='lat' dir='ltr'>idem</span> <span class='ocrx_word' id='word_1_157' title='bbox 358 3740 687 3857; x_wconf 79' lang='lat' dir='ltr'>phaenomenutn</span> <span class='ocrx_word' id='word_1_158' title='bbox 718 3754 975 3859; x_wconf 83' lang='lat' dir='ltr'>paradoxum</span> <span class='ocrx_word' id='word_1_159' title='bbox 1008 3748 1255 3853; x_wconf 84' lang='lat' dir='ltr'>obtineret,</span> <span class='ocrx_word' id='word_1_160' title='bbox 1254 3746 1491 3834; x_wconf 82' lang='lat' dir='ltr'>ulteriori·</span> <span class='ocrx_word' id='word_1_161' title='bbox 1600 3786 1603 3791; x_wconf 94' lang='lat'>·</span> 
     </span>
     <span class='ocr_line' id='line_1_24' title="bbox 198 3876 1490 3991; baseline -0.002 -27"><span class='ocrx_word' id='word_1_162' title='bbox 198 3876 285 3964; x_wconf 65' lang='lat' dir='ltr'>bnt</span> <span class='ocrx_word' id='word_1_163' title='bbox 328 3879 622 3986; x_wconf 81' lang='lat' dir='ltr'>experimentis</span> <span class='ocrx_word' id='word_1_164' title='bbox 679 3876 977 3991; x_wconf 85' lang='lat' dir='ltr'>explorandum</span> <span class='ocrx_word' id='word_1_165' title='bbox 1044 3876 1289 3964; x_wconf 81' lang='lat' dir='ltr'>existimaui.</span> <span class='ocrx_word' id='word_1_166' title='bbox 1386 3876 1490 3988; x_wconf 85' lang='lat' dir='ltr'>Cepi</span> 
     </span>
     <span class='ocr_line' id='line_1_25' title="bbox 199 4004 1502 4119; baseline -0.002 -30"><span class='ocrx_word' id='word_1_167' title='bbox 199 4005 403 4116; x_wconf 85' lang='lat' dir='ltr'>primum</span> <span class='ocrx_word' id='word_1_168' title='bbox 433 4009 599 4119; x_wconf 85' lang='lat' dir='ltr'>spiritns</span> <span class='ocrx_word' id='word_1_169' title='bbox 629 4009 718 4094; x_wconf 80' lang='lat' dir='ltr'>uini</span> <span class='ocrx_word' id='word_1_170' title='bbox 747 4070 761 4113; x_wconf 88' lang='lat'>‚</span> <span class='ocrx_word' id='word_1_171' title='bbox 791 4028 836 4096; x_wconf 89' lang='lat' dir='ltr'>et</span> <span class='ocrx_word' id='word_1_172' title='bbox 867 4026 963 4092; x_wconf 86' lang='lat' dir='ltr'>ante</span> <span class='ocrx_word' id='word_1_173' title='bbox 993 4011 1138 4095; x_wconf 78' lang='lat' dir='ltr'>omnia</span> <span class='ocrx_word' id='word_1_174' title='bbox 1169 4007 1364 4117; x_wconf 73' lang='lat' dir='ltr'>spiritum</span> <span class='ocrx_word' id='word_1_175' title='bbox 1396 4004 1502 4091; x_wconf 82' lang='lat' dir='ltr'>uini</span> 
     </span>
     <span class='ocr_line' id='line_1_26' title="bbox 199 4131 1493 4249; baseline -0.002 -28"><span class='ocrx_word' id='word_1_176' title='bbox 199 4131 595 4235; x_wconf 71' lang='lat' dir='ltr'>redifieuriffimum</span> <span class='ocrx_word' id='word_1_177' title='bbox 628 4139 811 4249; x_wconf 85' lang='lat' dir='ltr'>optimae</span> <span class='ocrx_word' id='word_1_178' title='bbox 843 4158 971 4225; x_wconf 80' lang='lat' dir='ltr'>notae</span> <span class='ocrx_word' id='word_1_179' title='bbox 1055 4135 1235 4229; x_wconf 82' lang='lat' dir='ltr'>Ebulliit</span> <span class='ocrx_word' id='word_1_180' title='bbox 1270 4137 1388 4246; x_wconf 85' lang='lat' dir='ltr'>plene</span> <span class='ocrx_word' id='word_1_181' title='bbox 1420 4133 1493 4219; x_wconf 87' lang='lat' dir='ltr'>snb</span> 
     </span>
     <span class='ocr_line' id='line_1_27' title="bbox 201 4254 1492 4380; baseline 0.003 -34"><span class='ocrx_word' id='word_1_182' title='bbox 201 4266 344 4371; x_wconf 73' lang='lat' dir='ltr'>gradu</span> <span class='ocrx_word' id='word_1_183' title='bbox 373 4263 672 4380; x_wconf 81' lang='lat' dir='ltr'>thermometri</span> <span class='ocrx_word' id='word_1_184' title='bbox 699 4266 830 4352; x_wconf 87' lang='lat' dir='ltr'>nollri</span> <span class='ocrx_word' id='word_1_185' title='bbox 867 4292 941 4367; x_wconf 76' lang='lat'>32.</span> <span class='ocrx_word' id='word_1_186' title='bbox 974 4254 1039 4352; x_wconf 57' lang='lat' dir='ltr'>r&#39;ti</span> <span class='ocrx_word' id='word_1_187' title='bbox 1072 4266 1249 4352; x_wconf 79' lang='lat' dir='ltr'>calorem</span> <span class='ocrx_word' id='word_1_188' title='bbox 1280 4260 1492 4354; x_wconf 85' lang='lat' dir='ltr'>ebullitio-</span> 
     </span>
    </p>
   </div>
   <div class='ocr_carea' id='block_1_5' title="bbox 201 4383 1511 4506">
    <p class='ocr_par' dir='ltr' id='par_1_6' title="bbox 201 4383 1511 4506">
     <span class='ocr_line' id='line_1_28' title="bbox 201 4383 1511 4506; baseline 0 -27"><span class='ocrx_word' id='word_1_189' title='bbox 201 4396 273 4479; x_wconf 74' lang='lat' dir='ltr'>nit</span> <span class='ocrx_word' id='word_1_190' title='bbox 300 4390 504 4506; x_wconf 70' lang='lat' dir='ltr'>spiritua</span> <span class='ocrx_word' id='word_1_191' title='bbox 511 4396 603 4482; x_wconf 73' lang='lat' dir='ltr'>nini</span> <span class='ocrx_word' id='word_1_192' title='bbox 650 4388 969 4485; x_wconf 71' lang='lat' dir='ltr'>eelifieadsfimi</span> <span class='ocrx_word' id='word_1_193' title='bbox 1017 4383 1393 4481; x_wconf 77' lang='lat' dir='ltr'>determinabimus</span> <span class='ocrx_word' id='word_1_194' title='bbox 1448 4394 1511 4479; x_wconf 86' lang='lat' dir='ltr'>in&#39;</span> 
     </span>
    </p>
   </div>
   <div class='ocr_carea' id='block_1_6' title="bbox 198 4518 1493 4748">
    <p class='ocr_par' dir='ltr' id='par_1_7' title="bbox 198 4518 1493 4748">
     <span class='ocr_line' id='line_1_29' title="bbox 198 4518 1493 4748; baseline -0.005 -137"><span class='ocrx_word' id='word_1_195' title='bbox 198 4521 484 4683; x_wconf 74' lang='grc' dir='ltr'><strong>(1111(ιιιιίοιι(</strong></span> <span class='ocrx_word' id='word_1_196' title='bbox 530 4526 664 4617; x_wconf 74' lang='lat' dir='ltr'>nolite</span> <span class='ocrx_word' id='word_1_197' title='bbox 693 4529 842 4748; x_wconf 64' lang='lat' dir='ltr'>timp),</span> <span class='ocrx_word' id='word_1_198' title='bbox 889 4524 984 4613; x_wconf 92' lang='lat' dir='ltr'>Vid</span> <span class='ocrx_word' id='word_1_199' title='bbox 1016 4524 1182 4618; x_wconf 88' lang='lat' dir='ltr'>Comm.</span> <span class='ocrx_word' id='word_1_200' title='bbox 1216 4526 1339 4615; x_wconf 82' lang='lat' dir='ltr'>Aced.</span> <span class='ocrx_word' id='word_1_201' title='bbox 1364 4518 1493 4739; x_wconf 47' lang='lat' dir='ltr'>plote</span> 
     </span>
     <span class='ocr_line' id='line_1_30' title="bbox 234 4672 1489 4743; baseline -0.006 4"><span class='ocrx_word' id='word_1_202' title='bbox 234 4698 243 4713; x_wconf 88' lang='lat'><strong>·</strong></span> <span class='ocrx_word' id='word_1_203' title='bbox 843 4680 930 4743; x_wconf 78' lang='lat' dir='ltr'>oa</span> <span class='ocrx_word' id='word_1_204' title='bbox 1404 4672 1489 4739; x_wconf 87' lang='lat' dir='ltr'>otu.</span> 
     </span>
    </p>
   </div>
   <div class='ocr_carea' id='block_1_7' title="bbox 0 0 2304 5875">
    <p class='ocr_par' dir='ltr' id='par_1_8' title="bbox 0 0 2304 5875">
     <span class='ocr_line' id='line_1_31' title="bbox 0 0 2304 5875; baseline 0 0"><span class='ocrx_word' id='word_1_205' title='bbox 0 0 2304 5875; x_wconf 95' lang='lat' dir='ltr'> </span> 
     </span>
    </p>
   </div>
  </div>
 </body>
</html>
