4600 5875
448 703 1267 805 INTESTINO'RVM.
1391 731 1481 815 471

223 931 412 1040 mnino,
444 957 585 1045 regnat
615 939 705 1025 sartis
737 941 901 1054 quidem
935 939 1173 1044 euidenter,
1225 937 1350 1050 quod‘
1368 962 1487 1026 accu-

219 1067 342 1148 ratius
375 1070 661 1174 cognoscitur,
691 1069 722 1155 sr
755 1075 888 1157 icones
918 1067 1069 1154 horum
1107 1068 1486 1178 phaenomenorum

220 1191 270 1277 ad
313 1192 530 1279 amuffium
585 1219 886 1309 comparantur.
985 1197 1208 1284 cerebrum
1260 1223 1341 1282 vira·
1387 1219 1487 1282 cutn

222 1321 399 1408 medulla
447 1322 662 1434 oblongata
711 1327 850 1412 erade
898 1329 1044 1412 soueae·
1073 1330 1274 1413 cardiacae
1306 1325 1486 1432 figuram

220 1453 448 1562 exprimit,
482 1456 616 1542 media
648 1480 734 1564 pars
767 1457 928 1562 angusta
954 1451 1156 1565 sinentis,
1196 1453 1372 1540 medulla
1406 1455 1486 1558 spi·

219 1581 352 1692 upiis,
401 1583 581 1672 suturae
591 1586 756 1696 proprie
786 1583 914 1669 didiae
948 1583 1191 1693 respondet,
1238 1605 1281 1668 et
1313 1604 1365 1664 erc
1401 1583 1485 1664 mi·

220 1712 363 1824 uutiia'
392 1730 586 1822 quoque,
632 1737 735 1823 quae
785 1717 829 1797 in
861 1714 1042 1798 iconibus
1073 1713 1227 1796 facilus
1259 1712 1487 1821 deprehen

217 1837 576 1950 duntur„quam
609 1843 740 1928 uerbis
773 1842 1079 1946 describuntur,
1130 1865 1206 1952 pro
1239 1839 1364 1924 fimili
1397 1840 1487 1923 eiua

216 1989 265 2050 re
308 1968 570 2073 cognoscitur.
666 1971 838 2057 Inferior
879 1971 1110 2074 embiyonis
1145 1993 1235 2080 pars
1270 1968 1392 2052 satior
1411 1952 1487 2053 so'·
1565 2023 1570 2030 ,

92 2191 94 2196 y
216 2093 394 2180 uenia-m
444 2095 680 2184 inferiorern
739 2117 782 2185 et
831 2096 1007 2183 intestini
1058 2097 1159 2184 resti
1211 2097 1487 2208 primordium

213 2223 353 2314 refert.
1200 2254 1204 2264 ¹
1247 2294 1250 2301 .
1496 2219 1506 2231 “

128 2351 130 2355 ’
369 2345 404 2452 5.
439 2369 515 2452 77.
549 2351 703 2439 Eadem
741 2376 854 2439 nunc.
880 2375 1042 2464 quoqne
1075 2350 1210 2462 figura·
1237 2370 1281 2437 et
1304 2357 1486 2466 partium

210 2471 424 2589 dispositio
456 2483 497 2562 in
530 2481 754 2589 embryone
784 2483 965 2566 occurrit
1009 2500 1090 2564 tres
1137 2483 1220 2564 dies
1268 2480 1514 2596 incubato,·.

212 2607 285 2691 rbi
339 2631 420 2693 non
473 2631 639 2694 merum
689 2611 900 2696 cerebrum
948 2630 1044 2692 cum
1095 2609 1204 2718 spina
1245 2606 1389 2693 dorsali
1423 2612 1485 2698 sed

206 2731 343 2846 ipsius
393 2735 565 2842 trunci,
610 2739 753 2847 capitis
800 2755 843 2823 et
888 2735 1207 2822 extremitatum
1261 2739 1511 2847 primordia·

167 2863 409 2950 existunt.
492 2861 609 2973 Ergo
645 2884 689 2953 et
722 2860 799 2951 hoc
832 2864 960 2953 totius
991 2861 1179 2949 animalia
1208 2867 1511 2974 primordium¹

207 2992 401 3103 figuram
435 2990 590 3109 iteturn'
623 2992 708 3081 illis
739 2994 917 3085 timitem
948 2996 1082 3081 refert.
1150 2980 1408 3081 ¹Generatim
1442 3020 1488 3080 ea
1508 3026 1515 3051 -·

206 3123 371 3236 saepius
398 3118 591 3235 descripta
625 3116 790 3230 figura,
835 3148 942 3237 quae.
974 3123 1017 3207 iu
1046 3139 1162 3231 parte
1194 3122 1380 3231 suprema
1424 3122 1487 3206 la·

204 3253 305 3338 tior
335 3270 378 3338 ct
410 3252 617 3356 rotunda,
649 3252 739 3337 inde
770 3252 912 3349 sensim
940 3250 1131 3337 deorsum
1164 3252 1404 3358 angustior,
1444 3252 1486 3334 in

199 3399 336 3494 parte
365 3382 498 3467 media
530 3378 662 3465 tenuis
693 3377 743 3467 fit
782 3398 826 3469 et
875 3381 955 3467 fere
999 3380 1195 3483 linearis,
1242 3398 1285 3464 et
1334 3380 1488 3465 inferne

198 3509 377 3609 iterum
409 3509 600 3617 latescat,
646 3511 888 3621 tandemque
920 3506 1090 3601 induem
1122 3527 1292 3594 acutum
1338 3499 1486 3594 excur4

195 3659 319 3745 rat,
368 3662 415 3725 ea
464 3634 598 3745 figura
646 3637 690 3725 in
719 3638 910 3727 omuibus
929 3699 949 3747 ,.
991 3661 1094 3748 quae
1128 3636 1279 3749 primia
1306 3655 1486 3748 quatuor
1594 3678 1607 3743 χ

193 3765 280 3856 ver
321 3767 497 3880 quinque
522 3766 666 3855 ‚diebus
696 3784 906 3879 apparent,
940 3762 1229 3879 phaenomenis
1261 3764 1329 3848 vel
1357 3768 1486 3878 parti·

194 3896 327 4005 bus,
375 3898 460 3981 srue
503 3899 554 3983 ad
602 3898 868 4005 embryooem
917 3894 1000 3979 fine
1032 3897 1080 3978 ad
1114 3897 1321 3981 inuosucra
1354 3900 1486 4007 perti·

194 4022 440 4132 uentibus,
478 4020 636 4144 semper
662 4026 800 4113 eadem
834 4025 1144 4133 recognoscitur.
1239 4022 1408 4111 Obtinct
1441 4026 1485 4108 iu

191 4156 363 4269 primo
394 4149 610 4241 medullati
642 4150 881 4261 systemate,
907 4154 1018 4263 quod
1049 4154 1150 4239 dixi.
1227 4153 1485 4261 Conspicitur

191 4286 435 4370 eudemio
471 4283 599 4369 totius
628 4285 811 4395 corporis
834 4270 1087 4393 primordio.
1168 4284 1290 4369 Adest
1319 4286 1486 4366 rursum

190 4430 244 4500 ct
284 4410 552 4520 cognoscitur
585 4412 627 4497 in
660 4414 847 4499 intestino
890 4412 1104 4520 primitiuo
1150 4432 1200 4497 ct·
1236 4410 1511 4518 consequen·-⁴

181 4560 308 4649 ter,
347 4542 391 4627 in
425 4544 560 4629 sutura
590 4565 751 4655 quoque
782 4540 912 4627 amnii
945 4541 1083 4653 spurii.
1157 4538 1310 4633 Eadem
1345 4560 1484 4625 autem

1356 4692 1485 4782 pom)
