4600 5875
754 608 907 776 'au
1101 664 1203 755 on
1269 632 1832 753 rouuar1onn

602 921 751 1018 singula·
802 874 806 879 ’
963 888 1000 989 §.
1040 914 1140 985 roo.
1194 890 1373 983 Interim
1412 886 1672 999 fingularetn
1720 887 1866 977 faciem
1920 884 2092 1001 praest

601 1030 678 1105 ris.
705 1045 792 1122 quae
814 1019 890 1105 sert
937 1026 1067 1107 amnii
1118 1044 1335 1132 apertura,
1387 1022 1600 1131 postquam
1643 1018 1688 1104 hi
1721 1017 1839 1113 limbi
1875 1014 1998 1126 piane
2026 1015 2095 1101 di·
2226 1066 2227 1071 κ

602 1126 671 1198 ¹¹⁰⁰
694 1141 781 1296 ‘⁶¹3'
816 1146 949 1235 {linesi
981 1169 1025 1235 et
1056 1157 1207 1239 remoti
1239 1182 1261 1239 a
1294 1154 1332 1238 se
1362 1150 1539 1235 inuicem
1591 1150 1696 1234 sunt.
1794 1144 1971 1253 Limbi,
2017 1146 2093 1258 qui

603 1247 797 1409 ffiseisseune-
819 1280 935 1390 prins
963 1264 1123 1369 consuli
1139 1299 1266 1365 'erant
1287 1296 1372 1388 ‚et
1404 1282 1529 1366 tertio
1556 1278 1622 1362 die
1655 1282 1809 1364 iterum
1843 1264 1975 1382 magis
1990 1300 2095 1363 con·

557 1503 562 1511 ,
604 1444 668 1509 te,
699 1425 784 1499 obti-
819 1410 1078 1517 iunguntur,
1124 1434 1232 1496 nunc
1265 1414 1364 1497 adeo
1396 1409 1547 1495 remoti
1580 1411 1726 1493 sunta
1758 1408 1796 1493 se
1829 1406 2008 1491 inuicem
2044 1420 2095 1489 vt

604 1544 684 1609 net,
705 1552 799 1626 eper-
820 1538 997 1627 notabrle
1045 1538 1223 1652 spatium
1273 1542 1380 1629 inter
1428 1534 1705 1623 stincludant
1736 1553 1778 1623 et
1810 1535 1952 1625 solium
1979 1530 2092 1645 quali

606 1646 724 1799 md
739 1628 785 1781 la·
822 1666 1052 1754 recondant.
1118 1666 1262 1777 Itaque
1294 1690 1374 1756 tres
1406 1666 1520 1751 sollae
1535 1682 1539 1688 ’
1557 1688 1662 1752 nunc
1698 1660 1785 1779 (fig.
1823 1671 1868 1751 6.
1904 1690 1940 1749 r.
1966 1678 2006 1781 p.
2040 1656 2094 1781 q.)
2225 1696 2227 1723 ÷

572 1754 744 1929 ffitaf
819 1816 995 1908 quatuor
1028 1795 1135 1880 striis
1167 1798 1445 1886 eminentibus
1477 1788 1524 1905 (Ι.
1555 1820 1605 1885 tn.
1640 1819 1673 1879 n.
1709 1794 1775 1907 le.)
1811 1790 1882 1881 uel
1928 1793 2093 1910 parieti·

607 1933 695 2033 (Εἰς,
724 1924 773 2030 ό.)
818 1929 891 2012 bus
923 1922 1166 2036 interceptae
1193 1928 1406 2028 existunt,
1455 1926 1635 2037 quorum
1669 1941 1807 2010 tamen
1850 1920 1969 2011 binae
2023 1944 2094 2009 cx-

820 2055 1042 2142 terioresa
1077 2056 1343 2169 membrana,
1375 2052 1468 2145 licet
1503 2051 1700 2165 pellucida
1733 2061 1784 2135 et·
1808 2050 1886 2136 uix
1921 2048 2094 2157 uifibili,

818 2176 962 2269 bullae
985 2204 1212 2293 teguntur,
1245 2210 1342 2295 eum
1376 2183 1531 2288 media,
1562 2208 1665 2297 quae
1695 2196 1929 2299 aperturam
1959 2180 2091 2283 amnii

751 2377 757 2384 -
819 2316 979 2418 refert,
1011 2337 1108 2398 'uere
1140 2331 1277 2422 aperta
1307 2332 1347 2397 ct
1380 2310 1597 2403 uacua‘srt.
1663 2308 1823 2399 Tamen
1867 2310 2087 2395 notandum

820 2442 907 2544 est,
958 2466 1038 2523 non
1087 2441 1130 2522 in
1181 2441 1371 2527 omnibus
1403 2442 1583 2529 subiretis
1616 2438 1737 2520 huius
1772 2440 1904 2526 aetatis
1936 2436 2093 2523 limbos

823 2566 1096 2657 abdominales
1128 2567 1226 2656 adeo
1259 2572 1305 2657 ab
1339 2568 1596 2659 interioribus
1626 2567 1763 2654 limbis
1793 2586 1976 2651 remotos
2005 2564 2093 2675 elle,

821 2694 1011 2806 fossasque
1050 2695 1140 2789 illas
1169 2703 1386 2787 exteriores
1421 2717 1513 2783 tum
1549 2716 1620 2787 aut
1656 2696 1835 2780 minores
1869 2692 1991 2807 longe
2023 2716 2089 2781 aut

826 2819 959 2910 nullas
1008 2848 1208 2935 apparere.
1309 2824 1424 2915 Vnde
1472 2850 1521 2909 eo
1577 2816 1709 2933 m'agis
1742 2824 1936 2931 colligere
1969 2826 2093 2932 licet,

821 2979 974 3045 eorum
1014 2955 1302 3063 separationem
1335 2982 1357 3040 a
1391 2957 1506 3066 copia
1537 2955 1651 3041 fluidi
1686 2953 1913 3066 interpositi
1950 2957 2092 3042 maiori

613 3095 724 3172 Lunbi
757 3097 806 3170 ira
825 3104 898 3172 aut
952 3083 1103 3170 minori
1160 3087 1339 3196 pendere.
1435 3083 1597 3177 Deinde
1641 3084 1790 3171 limbus
1822 3084 2001 3172 interior
2028 3085 2091 3201 qni

612 3201 746 3314 terroris
827 3209 902 3298 hac
935 3210 1161 3299 limborum
1196 3211 1304 3323 larga
1336 3217 1579 3327 separatione
1624 3220 1787 3324 egregie
1838 3213 1878 3294 in
1931 3213 2092 3326 conspe·

613 3297 760 3474 ἔξω
827 3339 943 3427 stum
978 3342 1128 3440 uenit,
1180 3367 1382 3454 quemque
1414 3347 1598 3448 nondum
1633 3344 1723 3428 satis
1769 3342 1994 3454 descripfi,
2043 3345 2090 3428 ita
2225 3453 2226 3458 Ν

617 3456 741 3603 Μ)
827 3465 1043 3562 sehabets
1105 3469 1328 3562 Consille‘re
1360 3497 1458 3561 eurn
1498 3474 1585 3578 dixi
1632 3472 1676 3556 in
1729 3471 1916 3585 anguls,
1971 3495 2091 3586 quem

561 3613 566 3622 '
827 3597 1064 3696 membrana
1114 3623 1227 3688 areae
1277 3602 1475 3708 interior,
1523 3625 1576 3688 ex
1623 3603 1734 3715 spina
1784 3601 1931 3688 dorsali
1975 3621 2092 3709 orta,

826 3725 926 3818 dum
959 3729 1190 3818 extrorsum
1225 3727 1485 3838 reflectitur,
1531 3749 1579 3818 ut
1610 3729 1729 3846 super
1760 3729 1940 3814 limbum
1977 3733 2091 3818 abdo·
2148 3753 2157 3762 ·

827 3851 1024 3944 minelem
1061 3859 1268 3962 transeat,
1302 3862 1504 3970 producit·
1572 3860 1619 3950 Id
1652 3885 1756 3947 nunc
1787 3847 1974 3970 sequenti
2005 3883 2093 3951 mo·
2225 3877 2226 3956 g

826 3983 879 4070 do
930 3981 1154 4093 perficitur.
1254 3991 1324 4076 Ex
1375 3989 1622 4096 marginibus
1672 3989 1905 4076 lateralibus
1961 3991 2092 4100 spinae

828 4113 1063 4195 membrana
1095 4112 1242 4206 oritur.
1324 4115 1566 4229 Superficies
1596 4118 1727 4228 spinae
1761 4121 1944 4206 anterior
1982 4119 2095 4202 leui·

828 4259 892 4324 ter
939 4265 1127 4349 excusato
1173 4247 1257 4350 eil3
1325 4251 1561 4358 eandemque
1609 4250 1830 4337 cauitatem
1863 4250 2097 4338 membrana

825 4369 1025 4478 producta
1058 4371 1227 4481 perficit.
1267 4380 1271 4386 '
1326 4375 1442 4462 Dum
1475 4377 1587 4460 ¹enim
1622 4403 1672 4462 ex
1704 4376 1900 4464 lateribus·
1932 4397 2096 4462 antrcr·

824 4500 913 4623 sum
948 4500 1187 4611 producitur
1220 4527 1359 4590 arcum
1391 4507 1571 4592 deliribit
1605 4510 1719 4594 cuius
1752 4510 1908 4592 castitas
1944 4509 2093 4592 intror-

1988 4641 2089 4736 lum,
