4600 5875
489 649 762 760 eurora:
799 626 1242 768 couuuutcnu.
1409 697 1505 789 sss..-

309 895 449 983 At
476 898 586 986 euim
620 909 720 989 tt'ero
739 893 947 987 eiusmodi
975 851 1047 986 lex
1078 899 1333 992 uniuersalis
1326 919 1421 1000 eu
1427 929 1503 1000 ιο,

230 964 318 1116 dria
349 1033 645 1142 experimentis
674 1034 811 1118 deduci
845 1053 926 1117 nou
961 1032 1229 1146 potest,1iifi
1262 1059 1300 1124 a.
1307 1037 1508 1144 :partitus

120 1151 125 1160 ’
229 1159 308 1244 lari
338 1155 575 1245 concludere
607 1163 657 1246 ad
690 1139 914 1247 uniuersale
945 1159 1135 1248 velimus.
1209 1162 1343 1250 Hinc
1389 1168 1503 1254 ulte

228 1290 403 1375 rioribus
434 1292 730 1400 experimentis·
760 1291 1028 1379 decidendum
1058 1289 1328 1398 existimauit
1359 1318 1505 1405 quates

100 1513 104 1520 ,
205 1443 306 1537 ¹uus
333 1419 404 1504 lex
436 1419 543 1504 dieta
574 1421 765 1512 obtineat·
809 1421 962 1507 ·Variis
993 1423 1041 1506 ad
1072 1421 1184 1506 hunc
1215 1420 1343 1510 finem
1374 1428 1503 1538 captia

226 1553 520 1661 'experimentis
570 1553 746 1660 reperi,
798 1548 903 1637 hauc
954 1551 1093 1658 legem
1142 1554 1383 1664 neutiquam
1418 1552 1507 1644 :effe

226 1673 533 1782 uniuersalem,
564 1671 641 1766 ad
657 1670 975 1791 particularem,
1005 1703 1141 1793 quum
1174 1685 1224 1770 ad
1256 1681 1506 1793 phaenome-

224 1835 303 1894 nae
331 1804 583 1894 ebullitionis
615 1813 698 1898 fiete
731 1813 916 1920 restringi
966 1809 1103 1899 debeat
1215 1811 1331 1898 Nam
1382 1825 1506 1925 aquae
1636 1820 1639 1830 '

220 1942 401 2025 minoris
432 1933 605 2045 caloris,
636 1942 805 2053 tepida,
835 1941 1018 2050 frigida,
1067 1938 1166 2024 iicet
1192 1943 1241 2026 ab
1270 1939 1393 2026 initio
1422 1943 1504 2033 dis·

132 2077 145 2110 ⁸
221 2072 392 2154 ferentia
424 2065 571 2152 caloris
603 2073 711 2155 inter
741 2063 889 2182 aquam
927 2067 1181 2153 ambientem
1232 2090 1274 2160 et
1321 2069 1506 2157 citrum·

103 2201 106 2205 ’
221 2197 360 2282 datam
410 2193 537 2302 etat,
585 2195 693 2285 haud
728 2201 785 2284 ita
801 2200 953 2287 multo
978 2197 1077 2306 post
1110 2211 1249 2287 tamen
1277 2203 1327 2286 ad
1359 2224 1505 2312 aequa·

220 2325 382 2410 litatem
416 2325 562 2410 caloris
590 2345 635 2411 et
666 2330 878 2439 temperiei
913 2343 1208 2434 peruenerunt
1303 2329 1428 2442 Quod
1457 2331 1506 2420 de

218 2477 356 2566 aqua,
387 2455 496 2539 idem
530 2477 692 2566 quoque
723 2455 773 2540 de
803 2453 974 2565 reliquis
1004 2452 1145 2542 fluidis
1175 2451 1312 2542 valere
1343 2458 1531 2568 debere,¹

215 2599 296 2697 'per
325 2586 363 2666 se
393 2582 508 2669 facile
536 2585 796 2696 conspicitur.
883 2579 987 2692 Cepi
1019 2609 1169 2694 aquam
1207 2585 1424 2696 tepidam,
1457 2613 1502 2676 ea

217 2709 398 2823 impleui
429 2710 666 2820 cylindrum
695 2717 884 2802 ,vitreum
905 2773 940 2817 ,.
967 2736 1090 2819 quem
1137 2713 1293 2798 inserui
1335 2715 1379 2802 iu
1430 2741 1501 2804 vas

216 2843 360 2954 maius
389 2841 602 2950 frigidiore
632 2838 733 2952 aqua
767 2840 1038 2951 impletum·
1071 2837 1150 2928 Sed
1182 2836 1290 2927 haud
1307 2840 1364 2928 ita
1383 2843 1499 2938 mula

216 2983 269 3055 to
299 2972 386 3082 post
418 2974 528 3058 idem
561 2968 705 3058 caloris
735 2971 919 3078 gradus,
950 2986 1039 3056 tam
1066 2972 1112 3055 iu
1141 2995 1244 3083 aqua
1270 2971 1497 3085 ambiente,

211 3124 346 3214 quam
380 3102 533 3184 ambita
564 3096 668 3183 mihi
698 3100 1044 3211 reperiebatur.
1427 3167 1430 3176 .

369 3229 551 3313 Vatiaui
584 3227 663 3313 hoc
694 3230 1028 3362 experimentum
1060 3223 1180 3311 uario
1228 3230 1388 3333 modo,
1438 3233 1496 3324 ita

213 3378 271 3447 ut
319 3357 502 3443 ambiens
548 3354 758 3466 ιιιιιιιιιιιι,
803 3377 861 3443 et
890 3358 1001 3470 quod
1049 3354 1098 3439 ab
1130 3352 1209 3441 hoc
1240 3355 1492 3453 ambiebatur

212 3492 348 3577 uariis
379 3487 525 3573 caloris
554 3489 741 3597 gradibus
772 3489 913 3597 primo
945 3509 1134 3596 tempore
1163 3486 1396 3591 differrent,
1429 3491 1491 3587 sed

204 3622 451 3707 sufficiente
477 3620 675 3731 temporis
697 3615 926 3704 ‘interuallo
958 3612 1129 3729 perusta
1161 3614 1368 3709 caloris'et
1382 3634 1493 3706 tem·

211 3751 350 3862 periei
378 3750 598 3859 iequalitas
628 3749 736 3831 inter
767 3747 942 3832 fluidum
972 3748 1136 3857 cingeris
1164 3764 1205 3832 et
1232 3743 1428 3835 cinerum
1468 3764 1492 3838 a.

211 3907 289 3965 me
324 3862 733 3989 deprehendebatur.⁴
817 3934 825 3948 .

372 3992 543 4096 Scilicet·¹
566 4008 679 4093 calor
711 4005 873 4091 mixtus
902 4026 946 4091 et
977 4007 1169 4112 medius,
1200 4007 1265 4091 uti
1296 4003 1424 4109 abias,
1457 4004 1490 4091 st

207 4136 345 4239 fluida
377 4114 526 4256 diuersi
555 4135 705 4222 ‘caloris
734 4130 991 4238 miscentur3
1036 4137 1319 4224 oriebaturtin
1359 4134 1491 4231 fluido

210 4272 457 4375 ambiente,
486 4276 530 4353 aa
557 4291 641 4372 eo,
671 4267 782 4377 quod
812 4266 1080 4352 ambiebatur.
1159 4266 1277 4377 E'tgo
1299 4264 1358 4353 sd
1385 4262 1492 4359 flui-

197 4404 264 4489 tda
298 4334 532 4526 ebobientia
584 4398 652 4482 in
674 4397 871 4483 diuerds
889 4395 992 4483 uada
1039 4396 1296 4501 tomenta,
1290 4419 1489 4507 quoram

206 4516 353 4621 raum
382 4513 567 4619 alterum
591 4529 806 4641 coutitur,
843 4528 1190 4617 commutatatio
1200 4526 1359 4635 adoria
1377 4526 1491 4623 inari

203 4658 220 4711 '¹
853 4658 988 4772 Ppa
1358 4653 1490 4766 qualis
