4600 5875
803 635 900 717 140
971 594 1122 742 nn
1169 575 1557 688 cuncvto
1608 567 1882 677 nurus

802 843 848 926 in
900 851 1013 948 parte
1065 825 1299 916 mechanica
1350 820 1591 910 maximum
1636 815 1886 929 pruelnbnnt
1920 809 2082 927 usum,

804 970 854 1054 ad
882 952 1138 1054 coordinatus
1168 973 1220 1043 ert
1250 951 1407 1040 calculo
1435 949 1678 1054 eiiciendas,
1723 949 1773 1030 ‘rt
1808 945 1842 1028 is
1890 945 2075 1057 deinceps

702 1099 707 1110 '
804 1097 1006 1184 eiusmodi
1038 1089 1353 1204 quantitatibus,
1382 1104 1486 1194 quae
1516 1081 1563 1162 in
1597 1078 1861 1165 Astronomia
1893 1077 1969 1166 usu
1989 1079 2077 1172 sunt

808 1245 1025 1340 receptae,
1056 1222 1329 1308 contineatur.

1399 1430 1482 1520 XI.

644 1637 735 1714 Tab.
761 1642 807 1712 11
960 1613 1064 1702 Istae
1091 1625 1234 1694 autem
1263 1605 1519 1694 redudt'ones
1558 1599 1843 1692 Geometricae
1891 1591 2079 1692 'latissime

646 1746 721 1841 rig.
751 1767 784 1814 1·
811 1760 951 1857 patent
983 1738 1173 1851 nihilque
1206 1737 1404 1842 interest,
1450 1739 1498 1822 ad
1528 1739 1734 1847 quodnam
1771 1733 1974 1845 punstuni
2015 1737 2079 1840 Α,

810 1874 1063 1989 planumque
1094 1867 1231 1953 fixum
1264 1867 1429 1976 BAY,
1461 1885 1627 1952 motum
1663 1867 1803 1977 pundli
1843 1859 1885 1952 Z
1933 1868 2079 1950 referre

740 2078 744 2086 .
812 2004 1007 2091 uelimus.
1080 1999 1242 2083 Verum
1277 1996 1309 2080 fi
1343 1997 1392 2082 ad
1424 1997 1545 2082 usum
1578 1995 1897 2084 astronomicum
1930 1995 2081 2108 specte·

812 2157 936 2241 mus,
982 2128 1221 2242 plurimum
1270 2133 1426 2232 relect,
1471 2129 1687 2238 quomodo
1714 2149 1805 2212 tam
1837 2113 1942 2210 illud
1975 2134 2081 2237 pun·

810 2263 928 2348 dium
963 2263 1028 2369 A,
1060 2261 1169 2372 quod
1200 2257 1311 2368 quasi
1343 2258 1399 2343 est
1431 2277 1620 2340 centrum
1654 2255 1807 2366 motus,
1828 2277 1952 2369 quam
1979 2251 2084 2338 illud
2116 2354 2119 2360 ¹

813 2391 1007 2504 planum,
1036 2391 1085 2475 ad
1118 2389 1228 2496 quod
1263 2404 1401 2472 motus
1435 2387 1578 2497 pundti
1610 2377 1651 2472 Ζ
1685 2407 1759 2499 per
1782 2384 2085 2492 longitudinem

812 2538 855 2603 et
886 2518 1145 2602 latitudinem
1175 2516 1383 2624 testetur,
1434 2518 1692 2630 accipiatur,
1738 2518 1932 2631 quoniam
1988 2513 2088 2598 hinc

814 2647 1072 2762 potissimum
1106 2643 1345 2757 simplicitas
1374 2645 1724 2732 determinationis
1760 2649 1920 2761 pendet.
2017 2640 2088 2728 nd

813 2785 941 2890 quam
990 2773 1235 2861 eledionem
1284 2767 1570 2862 instituendam
1616 2790 1709 2876 ante
1754 2779 1898 2902 omnia
1950 2771 2088 2857 notari

813 2924 1009 3019 oportet,
1044 2905 1190 2993 curua
1219 2905 1421 3017 artificia,
1455 2927 1560 3019 quae
1588 2906 1722 3021 adhuc
1739 2903 2089 3013 suntexcogitan,

788 3056 910 3123 ‚tum
944 3037 1080 3124 solum
1108 3061 1210 3120 cum
1243 3036 1385 3147 aliquo
1419 3038 1584 3123 successu
1616 3034 1793 3124 adhiberi
1829 3038 1961 3150 polle,
1987 3032 2087 3117 cu'r'n

816 3180 958 3251 motus
992 3164 1212 3274 corporis,
1243 3166 1315 3278 qui
1355 3170 1600 3276 quaeritur,
1633 3176 1714 3253 nob
1746 3168 1933 3253 multum
1965 3188 1988 3246 a
2024 3165 2087 3249 le·
2128 3240 2132 3247 .

815 3296 934 3404 gibus
964 3294 1228 3409 *Kepleriunr'r
1279 3294 1508 3409 discrepet,
1559 3297 1730 3408 ideoque
1769 3294 2088 3411 perturbationes

817 3422 1043 3532 admodum
1072 3425 1223 3512 fuerint
1251 3410 1438 3535 exiguae.
1532 3425 1709 3537 Quando
1753 3448 1895 3514 autem
1946 3442 2089 3511 motus

818 3553 876 3637 ita
909 3554 965 3639 est
995 3572 1291 3668 comparatus,
1337 3574 1386 3644 ut
1415 3579 1529 3642 areae
1561 3558 1669 3640 circa
1701 3560 1922 3672 quodpiam
1980 3578 2091 3666 pun-

761 3726 765 3732 »
818 3682 938 3769 stum
969 3685 1187 3796 descriptae
1220 3683 1299 3769 fint
1330 3688 1421 3771 satis
1451 3710 1580 3797 prope
1618 3684 1799 3799 'tempori
1850 3684 2090 3801 proportio·

817 3813 960 3924 nales,
1012 3815 1057 3897 in
1111 3812 1193 3897 boc
1245 3816 1400 3925 pundo
1429 3817 1631 3929 aptissime
1663 3803 1867 3929 prndium
1900 3814 2002 3901 illud
2032 3811 2088 3897 fi-

814 3964 922 4029 xum
958 3946 997 4031 Α
1032 3944 1235 4029 statuitur.
1299 3945 1422 4057 Quod
1452 3971 1551 4029 cum
1582 3950 1775 4058 eueniat,
1812 3949 1845 4035 fi
1878 3946 1986 4031 inter
2019 3948 2089 4033 ui·

816 4095 881 4162 res,
910 4097 1058 4183 corpus
1090 4071 1381 4182 sollicitantes,
1436 4101 1515 4163 rna
1548 4073 1724 4189 reliquas
1753 4077 1941 4164 multum
1972 4078 2091 4186 supe·

822 4217 926 4303 ret,
973 4203 1016 4284 in
1067 4225 1117 4290 eo
1166 4205 1351 4314 pundo,
1398 4205 1447 4289 sd
1497 4206 1605 4316 quod
1635 4205 1732 4297 haec
1764 4211 1829 4296 ris
1859 4206 2091 4315 dirigitur,

819 4328 1090 4442 pundtumA
1124 4334 1254 4445 accipi
1288 4333 1528 4421 conueniet:
1578 4334 1641 4420 lta
1673 4336 1704 4421 st
1737 4336 1914 4451 quaestio
1965 4326 2091 4422 fuerit

814 4459 867 4544 de
898 4458 1268 4574 perturbationibus
1298 4462 1480 4581 planetae
1511 4462 1722 4553 cuiusdam
1754 4462 1992 4584 principalis
2023 4462 2094 4547 seu

1950 4614 2099 4681 Come·
