4600 5875
427 653 802 758 rnnrvnunrr
838 578 1266 751 mnunranvu.
1391 607 1494 742 ιω]

370 1012 427 1104 Si·
449 1016 667 1125 integratio
700 1011 851 1102 harum
879 1014 1157 1106 formularum
1195 1016 1348 1107 absolui
1385 1007 1481 1130 pos·⁸

96 1188 98 1259 g
216 1146 305 1252 set,
353 1144 461 1231 nihil
509 1148 690 1260 amplius
736 1147 780 1230 in
813 1143 887 1231 hac
919 1146 1227 1258 inuestigatione
1254 1149 1349 1234 esset
1376 1137 1498 1232 deu
1570 1199 1573 1204 -

96 1262 98 1357 ζ
216 1277 474 1381 derandum,
522 1299 623 1359 cum
674 1273 820 1358 exinde
848 1279 986 1361 omnis
1017 1277 1177 1384 generis
1208 1275 1482 1389 perturbatio·

215 1427 316 1510 nes,
363 1404 631 1516 quantumuis
678 1403 832 1487 suerint
877 1426 1079 1517 magnae,
1125 1401 1295 1492 definite
1326 1405 1480 1490 liceret·

215 1529 330 1617 Cum
360 1553 503 1617 autem
536 1535 645 1619 vires
684 1527 907 1639 nnatysaos
954 1537 1139 1620 noudum
1189 1557 1365 1646 onusque
1415 1533 1483 1616 in·

99 1741 106 1752 ,
212 1661 450 1765 creuerint,
498 1664 547 1746 ad
596 1659 969 1768 approximationes
1013 1667 1231 1769 confugere
1260 1660 1486 1768 conuenit,

97 1822 99 1841 ·
214 1813 320 1898 quae
349 1790 516 1899 quidem
547 1812 598 1874 eo
628 1786 799 1872 feliciori
840 1788 1010 1875 successu
1058 1793 1205 1902 suscipi
1256 1807 1484 1904 poterunt,

214 1943 302 2026 quo
333 1920 515 2002 minores
544 1916 696 2002 suerint
726 1921 1073 2027 perturbationes:
1105 1925 1202 2032 quia
1236 1921 1350 2005 enim
1384 1935 1482 2002 tunc

212 2046 378 2131 vaiores
409 2046 683 2154 quantitatum
710 2060 739 2155 p
769 2062 811 2126 et
842 2067 868 2153 q
898 2045 1179 2158 pauxillulum
1233 2065 1481 2152 mutantur,
1611 2141 1613 2148 ¹

210 2197 280 2258 eas
312 2175 356 2257 in
386 2174 657 2279 integratione
685 2170 966 2258 formularum
1000 2176 1137 2260 littera
1179 2198 1203 2258 n
1248 2174 1484 2260 affectatum

97 2384 98 2399 p
212 2299 295 2387 stne
330 2324 469 2394 errore
502 2322 694 2414 tanquam
728 2302 946 2386 constantes
979 2303 1155 2414 spetiano
1198 2301 1331 2411 licet,
1381 2303 1483 2416 quin

97 2424 99 2499 i
211 2432 337 2516 etiam
372 2431 630 2541 postmodum
666 2425 872 2513 methodis
905 2427 1064 2514 rsrtatis
1094 2431 1368 2520 correctiones
1409 2453 1485 2516 ne·

97 2556 99 2635 i
209 2556 392 2646 retiariae
425 2559 535 2642 haud
565 2556 787 2646 difficulter
817 2551 1041 2644 elicientur.
1124 2559 1301 2648 Interim
1343 2541 1481 2642 umen

211 2687 246 2774 fi
297 2688 580 2776 excentricitas
628 2713 653 2797 q
684 2690 808 2772 suerit
837 2685 956 2774 ualde
990 2711 1138 2798 magna
1164 2749 1178 2794 ,
1201 2683 1480 2776 difficultates

97 2846 98 2849 ‘
209 2835 469 2925 occurrunt,
523 2839 620 2925 quas
665 2832 801 2898 tamen
853 2818 973 2897 certis
1016 2815 1202 2901 artificiis
1249 2813 1481 2901 adhibendis

97 2975 98 2980 ‘
207 2943 403 3059 superare
435 2944 605 3051 iicebit,
652 2968 755 3056 quae
787 2943 954 3053 quidem
986 2967 1048 3027 res
1080 2946 1243 3055 optime
1281 2944 1483 3054 succedit,

97 3091 99 3124 ¹
211 3072 565 3161 fiexcentriciras
592 3096 620 3184 q
651 3096 801 3181 parum
834 3072 882 3157 ab
928 3073 1085 3157 unitate
1133 3074 1367 3187 discrepat,
1416 3073 1483 3161 rti

97 3259 99 3268 .
218 3202 267 3287 fit
298 3206 343 3287 in
374 3200 517 3289 orbitis
548 3201 630 3285 stre
661 3196 892 3311 parabolicis
927 3219 1200 3285 cometarum.
1303 3206 1482 3291 Maiora

96 3371 98 3452 3
211 3351 355 3417 antem
387 3326 647 3421 difficultates
679 3329 716 3413 se
744 3347 951 3434 exerunt,
1000 3328 1161 3442 quaudo
1198 3333 1481 3421 excentricitns

97 3527 99 3580 ἰ
217 3462 328 3569 qest
356 3486 482 3573 quam
518 3457 734 3565 minima,
780 3461 877 3568 quia
911 3477 1006 3541 tum
1039 3459 1282 3543 variationes
1309 3483 1479 3546 anoma-

97 3583 100 3630 ‘'
216 3586 294 3673 liae
329 3614 355 3670 s
390 3592 574 3677 maxime
603 3588 865 3696 increscunt,
890 3606 1183 3673 verumtamen
1214 3584 1246 3670 st
1278 3588 1371 3673 usur
1404 3614 1479 3675 ve·

217 3724 328 3823 niet,
361 3719 501 3807 ethic
533 3717 765 3803 remedium
796 3717 946 3831 sperari
978 3717 1117 3829 pofflat.
1183 3715 1374 3803 Maxime
1404 3744 1479 3803 re·

217 3884 265 3946 ro
315 3858 390 3945 bae
438 3859 693 3971 operationes
746 3856 800 3941 ob
826 3858 1012 3969 'partem
1062 3849 1111 3965 ξ.
1159 3856 1477 3966 impediuntur,

216 4012 340 4101 quam
394 3986 469 4071 nib
517 3988 738 4075 commode
790 3985 833 4068 in
865 3986 1009 4070 seriem
1039 3983 1131 4074 satis
1164 4003 1482 4093 conueegenrem

98 4115 100 4198 ἰ
217 4120 452 4205 conuertere
498 4118 650 4222 liceat,
696 4116 747 4200 de
785 4112 1067 4220 integratione
1094 4116 1268 4201 omnino
1294 4114 1375 4197 erit
1408 4114 1479 4197 de·

219 4248 486 4360 sperandum,
535 4268 664 4356 neque
714 4261 808 4328 tum
847 4239 926 4327 alia
957 4242 1027 4326 via
1059 4244 1251 4355 superesse
1280 4244 1478 4346 ridetur,

220 4374 292 4461 nisr
318 4358 374 4462 ‘ut
404 4399 461 4461 ex
491 4372 587 4487 ipsu
618 4372 684 4456 his
712 4370 903 4457 formulis
932 4370 1264 4461 differentiaiibus
1297 4367 1479 4478 singulae
1546 4466 1553 4479 Ι

100 4507 101 4518 '
221 4506 461 4592 rariationes
493 4527 571 4615 pro
603 4502 802 4613 temporis
832 4498 1061 4588 interuallis
1092 4504 1181 4589 satis
1213 4502 1373 4611 exiguis
1405 4499 1477 4579 de·

100 4689 101 4762 i
280 4634 322 4721 T
321 4630 823 4723 om.XILNou.Comm.
1031 4634 1083 4719 x
1380 4621 1478 4742 fini3

100 4783 102 4861 i
